34200.017459617,5,0,1,2238200,-1
34200.18960767,1,11885113,21,2238100,1
34200.190226476,4,11885113,21,2238100,1
34200.190226476,4,11534792,26,2237500,1
34200.372779672,5,0,100,2238400,-1
34200.375671205,5,0,100,2238400,-1
34200.383971366,5,0,100,2238600,-1
34200.38581571,5,0,100,2238600,-1
34200.387205153,5,0,100,2239200,-1
34200.388463172,5,0,100,2239300,-1
34200.39141294,4,14585251,100,2239500,-1
34200.39141294,4,3911376,20,2239600,-1
34200.39141294,4,16202496,286,2239600,-1
34200.393480733,4,2135294,100,2239900,-1
34200.394405007,1,16207239,100,2239900,-1
34200.398456977,5,0,100,2239700,-1
34200.398595993,5,0,100,2239700,-1
34200.400328982,5,0,100,2239700,-1
34200.401529352,5,0,10,2239700,-1
34200.401529352,4,16207239,90,2239900,-1
34200.401923745,1,16208720,50,2239900,-1
34200.403006021,4,16207239,10,2239900,-1
34200.403006021,4,16208720,50,2239900,-1
34200.403006021,4,1365373,13,2240000,-1
34200.403006021,4,1847685,27,2240000,-1
34200.407876509,4,1847685,73,2240000,-1
34200.407876509,4,2051705,20,2240000,-1
34200.407876509,4,3578212,4,2240000,-1
34200.407876509,4,3581197,3,2240000,-1
34200.411052662,4,3581197,7,2240000,-1
34200.411052662,4,3591155,50,2240000,-1
34200.411052662,4,3689544,43,2240000,-1
34200.412063728,4,3689544,57,2240000,-1
34200.412063728,4,3920363,6,2240000,-1
34200.412063728,4,3920364,23,2240000,-1
34200.412063728,4,3920367,6,2240000,-1
34200.412063728,4,3920371,54,2240000,-1
34200.412063728,4,3920373,54,2240000,-1
34200.417197959,4,3920374,15,2240000,-1
34200.417197959,4,4631442,76,2240000,-1
34200.417197959,4,4631569,20,2240000,-1
34200.417197959,4,4632895,15,2240000,-1
34200.417197959,4,4632989,10,2240000,-1
34200.417197959,4,10054324,25,2240000,-1
34200.417197959,4,11349573,100,2240000,-1
34200.417197959,4,11830089,50,2240000,-1
34200.417197959,4,12490851,183,2240000,-1
34200.419808842,4,12490851,100,2240000,-1
34200.53842474,4,12490851,200,2240000,-1
34200.553743035,5,0,100,2239700,1
34200.567936862,4,12490851,17,2240000,-1
34200.567936862,4,13561719,100,2240000,-1
34200.567936862,4,14482478,100,2240000,-1
34200.567936862,5,0,69,2240000,-1
34200.568240371,1,16240373,100,2240000,-1
34200.570408833,4,16240373,100,2240000,-1
34200.570408833,5,0,190,2240000,-1
34200.570408833,5,0,10,2240000,-1
34200.570714327,1,16240856,100,2240000,-1
34200.574028141,4,16240856,100,2240000,-1
34200.574401291,1,16241642,100,2240000,-1
34200.631353841,1,16252480,100,2239500,-1
34200.771525998,4,16252480,100,2239500,-1
34200.771912718,1,16275687,75,2239500,-1
34200.873785004,1,16289323,100,2238400,1
34200.874913031,4,16289323,100,2238400,1
34200.881781052,1,16290483,100,2238400,1
34200.891497671,4,16275687,15,2239500,-1
34201.290951337,1,16352638,100,2238600,-1
34201.291410923,4,16352638,100,2238600,-1
34201.371436281,4,16275687,60,2239500,-1
34201.395343299,4,16241642,100,2240000,-1
34201.395343299,5,0,90,2240000,-1
34202.012069923,5,0,100,2238800,1
34202.012780077,5,0,100,2238800,1
34202.028280054,5,0,100,2238800,1
34202.279048607,3,16290483,100,2238400,1
34202.279048607,1,16451737,100,2238900,1
34203.87899164,1,16610191,100,2242000,-1
34204.256047385,5,0,100,2239200,1
34204.354928214,3,16610191,100,2242000,-1
34204.354928214,1,16657800,100,2241600,-1
34204.414467151,5,0,80,2239100,1
34204.476700094,3,16657800,100,2241600,-1
34204.476700094,1,16667397,100,2241300,-1
34204.572760266,5,0,40,2239100,1
34204.652306988,1,16681306,1100,2241000,-1
34204.763922789,1,16692138,100,2241000,-1
34205.104260912,3,16692138,100,2241000,-1
34205.104260912,1,16723342,100,2240800,-1
34205.104818539,1,16723399,220,2240800,-1
34205.105828981,3,16723399,220,2240800,-1
34205.107097083,1,16723613,220,2240800,-1
34205.108103666,3,16723613,220,2240800,-1
34205.109400899,1,16723877,220,2240800,-1
34205.109754612,1,16723916,155,2240800,-1
34205.110466704,3,16723877,220,2240800,-1
34205.162100797,1,16728917,100,2240700,-1
34205.197780635,1,16732821,100,2238900,1
34205.304295214,5,0,35,2239000,1
34205.513948001,1,16763343,100,2240500,-1
34205.621655175,5,0,37,2239000,1
34205.621745869,5,0,128,2239000,1
34205.621745869,5,0,72,2239000,1
34205.888223563,3,16763343,100,2240500,-1
34205.888223563,1,16797917,100,2240300,-1
34205.919446318,1,16799433,100,2240200,-1
34206.151537755,1,16811014,100,2240200,-1
34206.555393547,1,16830499,100,2238900,1
34207.02465637,5,0,10,2239300,1
34207.02465637,5,0,28,2239000,1
34207.02465637,5,0,26,2239000,1
34207.232535255,3,16732821,100,2238900,1
34207.232650402,5,0,74,2239000,1
34207.232650402,5,0,113,2239000,1
34207.232650402,4,16451737,13,2238900,1
34207.272071021,3,16451737,87,2238900,1
34207.272071021,1,16866136,87,2239000,1
34207.312164392,3,16866136,87,2239000,1
34207.312164392,1,16867608,87,2239100,1
34207.319504351,4,16799433,71,2240200,-1
34207.35959249,4,16799433,29,2240200,-1
34207.35959249,4,16811014,71,2240200,-1
34207.409684709,3,16867608,87,2239100,1
34207.409684709,1,16873976,87,2239200,1
34207.71831102,3,16811014,29,2240200,-1
34207.71831102,1,16887475,29,2240700,-1
34208.996027789,1,16929385,77,2239200,1
34209.339457717,1,16943725,100,2239200,1
34209.709730284,3,16887475,29,2240700,-1
34209.709730284,1,16954459,29,2240600,-1
34209.76667599,3,16954459,29,2240600,-1
34209.76667599,1,16956634,29,2240700,-1
34209.787331886,3,16956634,29,2240700,-1
34209.787331886,1,16958151,29,2240500,-1
34210.206486354,1,16984035,100,2239200,1
34210.515211316,3,16958151,29,2240500,-1
34210.515211316,1,17004982,29,2240400,-1
34210.706474037,3,17004982,29,2240400,-1
34210.706474037,1,17017091,29,2240300,-1
34210.910418382,3,17017091,29,2240300,-1
34210.910418382,1,17030256,29,2240400,-1
34210.966978058,4,17030256,29,2240400,-1
34210.966978058,5,0,71,2240400,-1
34211.618610908,1,17063006,400,2240700,-1
34211.943114597,4,16728917,100,2240700,-1
34211.943114597,4,17063006,300,2240700,-1
34211.967039643,4,17063006,100,2240700,-1
34211.967968333,4,16681306,100,2241000,-1
34211.970165989,4,16681306,100,2241000,-1
34212.161685865,1,17084297,100,2239300,1
34212.165104681,3,16681306,900,2241000,-1
34212.165315424,5,0,317,2239500,1
34212.165315424,5,0,100,2239400,1
34212.165315424,4,17084297,100,2239300,1
34212.165315424,5,0,112,2239300,1
34212.165315424,5,0,203,2239300,1
34212.37437678,1,17094470,100,2240900,1
34212.376037666,1,17094575,100,2240900,1
34212.376129044,3,17094470,100,2240900,1
34212.376129044,1,17094576,100,2241300,1
34212.376453932,4,17094576,100,2241300,1
34212.377481694,3,17094575,100,2240900,1
34212.461714019,3,16943725,100,2239200,1
34212.487961941,1,17097634,100,2240900,1
34212.530050106,1,17099230,87,2240900,1
34212.577101834,3,17097634,100,2240900,1
34212.677958048,3,17099230,87,2240900,1
34212.677958048,1,17103292,87,2239300,1
34213.186801146,1,17118179,100,2240900,1
34213.22784958,1,17119109,87,2240900,1
34213.324261399,1,17121862,100,2240900,1
34215.152124895,1,17169116,100,2240900,1
34215.180453936,1,17170140,100,2240900,1
34215.77821826,4,11561639,20,2242400,-1
34215.77821826,4,14665565,80,2242500,-1
34217.852825212,4,14665565,20,2242500,-1
34217.887655328,5,0,220,2242700,-1
34219.127707671,4,17209080,10,2242900,-1
34219.376645056,4,17209080,200,2242900,-1
34219.516845865,4,17209080,200,2242900,-1
34219.51709589,1,17329820,100,2242900,-1
34219.529935712,5,0,80,2242800,-1
34220.233163353,1,17358208,77,2240900,1
34220.303127499,3,17329820,100,2242900,-1
34220.30312952,3,17209080,90,2242900,-1
34220.321456549,3,17121862,100,2240900,1
34220.534112308,1,17365824,1,2243000,-1
34221.59679772,4,3579342,100,2243000,-1
34222.165292881,4,3579342,100,2243000,-1
34223.279632997,4,3579342,100,2243000,-1
34223.280244371,4,3579342,80,2243000,-1
34223.280536751,4,3579342,100,2243000,-1
34223.280641818,4,3579342,20,2243000,-1
34223.280641818,4,17365824,1,2243000,-1
34223.367461134,4,16451084,100,2244500,-1
34223.367706865,1,17454308,100,2244500,-1
34226.018708882,1,17523948,100,2244500,-1
34226.025401005,1,17524292,100,2240900,1
34226.027530424,3,17524292,100,2240900,1
34227.238645979,1,17556978,100,2244500,-1
34228.006601932,3,17523948,100,2244500,-1
34228.068360389,5,0,93,2244400,-1
34228.397876255,5,0,25,2244400,-1
34228.609009833,3,17556978,100,2244500,-1
34228.611036074,1,17654389,100,2244500,-1
34228.611563982,3,17118179,100,2240900,1
34228.613137713,1,17654460,100,2240900,1
34228.614015349,3,17654460,100,2240900,1
34229.064982046,1,17669020,100,2240900,1
34229.067206176,3,17669020,100,2240900,1
34229.324305974,3,17358208,77,2240900,1
34229.343638816,1,17678897,77,2241000,1
34229.34512286,1,17678938,100,2241000,1
34229.350536541,3,17678938,100,2241000,1
34229.356252519,1,17679258,100,2241000,1
34229.853048275,1,17693590,87,2241000,1
34229.931412705,1,17695622,100,2241100,1
34229.932946536,1,17695670,100,2241100,1
34230.013756435,1,17700167,87,2241100,1
34230.478073253,1,17720413,100,2241100,1
34230.689754679,5,0,100,2241800,1
34232.513860324,5,0,200,2241400,1
34232.513860324,5,0,100,2241300,1
34232.520197625,3,17695670,100,2241100,1
34232.521812825,1,17791392,100,2241500,1
34232.573694017,1,17794177,100,2242900,1
34232.573822327,4,17794177,100,2242900,1
34232.574758204,3,17791392,100,2241500,1
34232.655299914,3,17720413,100,2241100,1
34232.672145731,1,17796697,100,2241500,1
34232.935731616,1,17802947,87,2241500,1
34233.075680004,1,17808169,100,2241800,1
34233.085449148,3,17808169,100,2241800,1
34233.221829329,3,17802947,87,2241500,1
34233.221829329,1,17813325,87,2241800,1
34233.256629271,3,17813325,87,2241800,1
34233.256629271,1,17814130,87,2241700,1
34233.408223818,3,17814130,87,2241700,1
34233.408223818,1,17822817,87,2241500,1
34233.417830238,1,17823745,100,2241800,1
34233.43258895,1,17824285,100,2241800,1
34233.473889226,3,17823745,100,2241800,1
34233.619144977,1,17831626,100,2242100,1
34233.628225156,3,17831626,100,2242100,1
34233.629733981,3,17824285,100,2241800,1
34233.629733981,1,17832110,100,2242100,1
34233.76490814,1,17835914,100,2242400,1
34233.769776825,1,17836088,100,2242400,1
34233.915570031,5,0,38,2242500,1
34233.915653845,5,0,29,2242500,1
34233.915653845,4,17835914,100,2242400,1
34233.915653845,4,17836088,71,2242400,1
34233.915778233,4,17836088,29,2242400,1
34234.16404396,1,17851126,100,2241500,1
34234.384484467,1,17866270,300,2244200,-1
34234.387132284,1,17866342,100,2244200,-1
34235.012386337,1,17889188,100,2241500,1
34237.490743302,3,17851126,100,2241500,1
34237.492337446,1,17963067,100,2242500,1
34237.495511591,3,17963067,100,2242500,1
34237.63550326,1,17967562,67,2242500,1
34240.008747756,3,17866270,300,2244200,-1
34240.011093076,1,18040154,100,2242500,1
34240.011692902,1,18040192,100,2244200,-1
34240.022916349,4,17967562,67,2242500,1
34240.022916349,4,18040154,100,2242500,1
34240.022916349,5,0,133,2242500,1
34240.02316124,1,18040889,100,2242500,1
34240.026562698,4,18040889,100,2242500,1
34240.026825796,1,18041087,100,2242500,1
34240.344836321,1,18049859,77,2242500,1
34241.521556909,5,0,100,2242600,1
34241.699711291,4,18041087,100,2242500,1
34241.699961769,1,18082568,100,2242500,1
34242.009261551,3,18040192,100,2244200,-1
34242.01625648,4,18049859,77,2242500,1
34242.01625648,4,18082568,23,2242500,1
34242.016481786,1,18089311,100,2242500,1
34244.430906893,4,18082568,77,2242500,1
34244.430906893,4,18089311,23,2242500,1
34244.431159304,1,18148394,31,2242500,1
34244.433892693,4,18089311,77,2242500,1
34244.433892693,4,18148394,23,2242500,1
34244.43400728,4,18148394,8,2242500,1
34244.43777594,4,18041637,100,2241800,1
34244.569134492,5,0,100,2242000,-1
34245.2564172,1,18172812,16,2241300,1
34245.512185712,1,18178733,200,2241900,-1
34245.512359815,4,18172812,16,2241300,1
34245.512866688,4,18178733,200,2241900,-1
34245.513222246,3,17866342,100,2244200,-1
34245.513309352,1,18178856,200,2241900,1
34245.513325389,1,18178858,200,2241900,1
34245.513338443,1,18178865,200,2241900,1
34245.515058317,1,18179205,100,2244500,-1
34245.954758575,3,18178865,200,2241900,1
34245.966604549,3,18178858,200,2241900,1
34246.033579798,1,18193981,200,2244200,-1
34246.036138083,1,18194101,100,2244200,-1
34246.218550405,3,18178856,200,2241900,1
34250.005982141,3,18193981,200,2244200,-1
34250.016994523,3,17455154,10,2240000,1
34250.017118716,1,18286174,10,2239400,1
34250.018037466,3,18286174,10,2239400,1
34250.018164917,1,18286315,10,2239100,1
34250.018847293,3,18286315,10,2239100,1
34250.018969632,1,18286630,10,2239500,1
34250.021343613,3,18286630,10,2239500,1
34250.021449181,1,18287021,10,2239000,1
34250.022635213,3,18287021,10,2239000,1
34250.022735727,1,18287108,10,2240000,1
34250.025791165,3,18287108,10,2240000,1
34250.025896175,1,18287319,10,2239000,1
34250.028171393,3,18287319,10,2239000,1
34250.028299867,1,18287475,10,2239100,1
34250.03947888,3,18287475,10,2239100,1
34250.039601702,1,18288158,10,2239200,1
34250.043063742,3,18288158,10,2239200,1
34250.043167045,1,18288309,10,2239000,1
34250.045067535,3,18288309,10,2239000,1
34250.045175914,1,18288361,10,2239100,1
34250.061796398,3,18288361,10,2239100,1
34250.061907749,1,18289006,10,2239200,1
34250.065065645,3,18289006,10,2239200,1
34250.065198504,1,18289230,10,2239000,1
34250.067186589,3,18289230,10,2239000,1
34250.067315211,1,18289323,10,2239100,1
34250.118153422,3,18289323,10,2239100,1
34250.11826538,1,18290737,10,2239200,1
34250.122089833,3,18290737,10,2239200,1
34250.122188711,1,18290793,10,2239000,1
34250.12506722,3,18290793,10,2239000,1
34250.125182156,1,18290838,10,2239100,1
34250.141265874,3,18290838,10,2239100,1
34250.141395469,1,18291165,10,2239200,1
34250.144986001,3,18291165,10,2239200,1
34250.145127429,1,18291275,10,2239000,1
34250.147165195,3,18291275,10,2239000,1
34250.147287634,1,18291334,10,2239100,1
34250.162046943,3,18291334,10,2239100,1
34250.162162958,1,18291715,10,2239200,1
34250.166330783,3,18291715,10,2239200,1
34250.166442292,1,18291916,10,2239000,1
34250.168619584,3,18291916,10,2239000,1
34250.168721071,1,18291991,10,2239100,1
34250.192583259,3,18291991,10,2239100,1
34250.192735934,1,18292501,10,2239200,1
34250.196326222,3,18292501,10,2239200,1
34250.196446502,1,18292582,10,2239000,1
34250.198822272,3,18292582,10,2239000,1
34250.198937364,1,18292645,10,2239100,1
34250.515510604,3,18292645,10,2239100,1
34250.515636631,1,18298729,10,2239200,1
34250.519298127,3,18298729,10,2239200,1
34250.519419388,1,18298826,10,2239000,1
34250.521908377,3,18298826,10,2239000,1
34250.522019866,1,18298903,10,2239100,1
34251.918125844,3,18298903,10,2239100,1
34251.918233582,1,18333357,10,2239200,1
34251.921881886,3,18333357,10,2239200,1
34251.92199976,1,18333652,10,2239000,1
34251.924325204,3,18333652,10,2239000,1
34251.924428339,1,18333775,10,2239100,1
34252.028740152,3,18333775,10,2239100,1
34252.028870194,1,18340262,10,2239200,1
34252.032883429,3,18340262,10,2239200,1
34252.033035928,1,18341360,10,2239000,1
34252.03614053,3,18341360,10,2239000,1
34252.036267479,1,18342535,10,2239100,1
34252.047355099,3,18342535,10,2239100,1
34252.047523286,1,18344659,10,2239200,1
34252.051142914,3,18344659,10,2239200,1
34252.051266088,1,18344995,10,2239000,1
34252.053178863,3,18344995,10,2239000,1
34252.053304992,1,18345223,10,2239100,1
34252.170820716,1,18352030,1,2244100,-1
34253.427339906,3,18345223,10,2239100,1
34256.198160234,1,18430161,200,2243500,-1
34256.200894684,1,18430228,100,2243500,-1
34259.726518101,5,0,12,2242500,-1
34259.726518101,5,0,11,2243300,-1
34260.059973418,3,18430161,200,2243500,-1
34262.075962987,1,18622989,100,2243000,-1
34262.078737778,1,18623148,100,2243000,-1
34265.642112939,3,18623148,100,2243000,-1
34269.583683523,1,18813442,183,2241900,-1
34269.587736529,1,18813484,100,2241900,-1
34269.863964995,1,18819065,8,2241300,-1
34271.768671447,1,18877451,1,2238700,1
34273.481428665,5,0,100,2239500,1
34273.580560532,4,18877451,1,2238700,1
34273.580560532,4,18073344,99,2238600,1
34273.777957454,1,18930320,100,2239800,1
34273.778069959,4,18930320,65,2239800,1
34273.778071743,4,18930320,35,2239800,1
34275.373462102,1,18966278,100,2240200,1
34275.373845302,4,18966278,100,2240200,1
34275.409932589,1,18966862,1,2241300,-1
34276.757112215,1,18992920,1,2240200,-1
34280.572697869,4,18992920,1,2240200,-1
34283.720559708,5,0,1,2238800,1
34283.723111906,5,0,1,2238800,1
34285.523171297,3,18993622,1,2241200,-1
34285.599642589,4,18073344,1,2238600,1
34287.830306672,3,18819065,8,2241300,-1
34288.733528968,1,19300526,100,2238400,1
34289.50116176,1,19314473,100,2240500,-1
34289.504443505,1,19314520,100,2240500,-1
34293.413868904,5,0,24,2240100,-1
34297.208367828,5,0,3,2240000,-1
34297.208367828,5,0,1,2240300,-1
34297.208367828,4,19314473,100,2240500,-1
34297.208367828,4,19314520,96,2240500,-1
34297.20844806,4,19314520,4,2240500,-1
34297.318326126,3,19455584,1,2241000,-1
34303.331437641,5,0,68,2238800,1
34303.331437641,5,0,32,2238700,1
34303.352525322,5,0,68,2238700,1
34303.352525322,5,0,32,2238500,1
34303.449611048,1,19620235,1,2240000,-1
34303.676516992,5,0,67,2238500,1
34303.676516992,4,18433707,22,2238400,1
34303.676516992,4,19300526,33,2238400,1
34303.676633108,4,19300526,67,2238400,1
34303.774660722,1,19626727,100,2238200,1
34303.774770353,3,19626727,100,2238200,1
34303.774770353,1,19626737,100,2238100,1
34303.886308993,1,19628332,10,2240000,-1
34303.886423688,3,19626737,100,2238100,1
34303.886423688,1,19628333,100,2238000,1
34304.18346964,3,19620235,1,2240000,-1
34304.259734597,1,19653110,1,2240000,-1
34306.974443323,5,0,100,2238200,1
34307.01537131,5,0,100,2238200,1
34307.01537131,4,19628333,100,2238000,1
34307.760800374,5,0,16,2238700,1
34307.762314188,3,19628332,10,2240000,-1
34307.762428852,1,19731576,10,2239000,-1
34307.805756232,3,19731576,10,2239000,-1
34307.805874894,1,19732295,10,2240000,-1
34307.879459182,1,19733385,1,2239500,-1
34307.900942432,1,19733687,10,2239000,-1
34307.906090773,3,19733687,10,2239000,-1
34307.975053503,1,19736143,10,2239000,-1
34308.09194531,3,19736143,10,2239000,-1
34308.24050751,5,0,14,2239200,-1
34308.24050751,5,0,74,2239400,-1
34309.163587359,5,0,1,2236900,1
34309.168318168,1,19774189,10,2239500,-1
34309.17127297,3,19774189,10,2239500,-1
34309.172333237,1,19774450,10,2239500,-1
34309.396377585,5,0,2,2237000,1
34309.724071262,5,0,97,2237100,1
34309.724071262,5,0,3,2236600,1
34309.729740843,1,19791130,100,2236600,1
34309.731364919,4,19791130,100,2236600,1
34309.73335404,5,0,100,2236600,1
34309.814413615,3,19774450,10,2239500,-1
34309.81452914,1,19793043,10,2239400,-1
34309.820541761,3,19793043,10,2239400,-1
34309.820660363,1,19793184,10,2239300,-1
34309.826677544,3,19793184,10,2239300,-1
34309.82678364,1,19793341,10,2239200,-1
34309.874457615,3,19793341,10,2239200,-1
34309.874562124,1,19794320,10,2239100,-1
34309.903927904,4,11474176,2,2236500,1
34309.905401657,4,19233799,11,2236100,1
34309.905493242,4,3920359,15,2236000,1
34309.935023582,3,19794320,10,2239100,-1
34309.935135681,1,19795607,10,2238900,-1
34310.049966007,1,19808492,100,2237700,1
34310.05008884,4,19808492,100,2237700,1
34310.250442987,3,19795607,10,2238900,-1
34310.250559105,1,19818565,10,2238200,-1
34310.319349001,1,19822943,1,2236000,-1
34310.319445283,4,19822943,1,2236000,-1
34310.320447107,1,19823062,1,2238100,-1
34311.114261675,5,0,100,2235200,1
34311.248716123,1,19846261,100,2237300,1
34311.248829896,4,19846261,39,2237300,1
34311.248832108,4,19846261,61,2237300,1
34312.922501137,5,0,1,2235100,1
34312.997740668,1,19879921,1,2236700,-1
34314.089771135,5,0,100,2236400,-1
34314.290483232,5,0,1,2235200,1
34317.492216779,5,0,97,2236300,-1
34317.492216779,4,19879921,1,2236700,-1
34318.693912228,1,19985448,99,2237000,-1
34318.955212478,3,4632045,100,2235000,1
34318.955374565,1,19990731,94,2235000,1
34320.529624332,4,19985448,36,2237000,-1
34322.029388112,4,19985448,49,2237000,-1
34322.029499668,4,19985448,14,2237000,-1
34323.015938125,5,0,200,2235800,1
34323.955107319,5,0,100,2237400,-1
34323.955107319,5,0,51,2237700,-1
34323.955107319,5,0,149,2237900,-1
34323.960412884,4,19823062,1,2238100,-1
34323.960412884,4,19959875,10,2238200,-1
34324.036795386,4,19859519,2,2238600,-1
34326.285424726,1,20164379,100,2238900,-1
34328.983815413,5,0,100,2238800,-1
34328.99197562,4,20164379,100,2238900,-1
34329.733823743,1,20254663,100,2236100,1
34331.473240382,1,20298432,100,2239200,1
34331.475862848,5,0,80,2239300,1
34331.475862848,5,0,20,2239300,1
34331.641287078,1,20301070,100,2239900,1
34331.997076966,5,0,100,2241600,-1
34334.312939243,1,20343976,200,2241700,1
34334.313052854,4,19183169,100,2241900,-1
34334.31308303,1,20343986,100,2241700,1
34334.313122274,4,19183169,187,2241900,-1
34334.31313661,4,20343976,200,2241700,1
34334.313164743,4,19183169,13,2241900,-1
34334.31322266,3,20343986,100,2241700,1
34334.31322266,1,20344002,100,2241700,1
34334.313311754,3,20344002,100,2241700,1
34334.313311754,1,20344005,100,2241700,1
34334.337789563,1,20344274,1,2242800,-1
34334.4335549,4,20344274,1,2242800,-1
34334.439639946,5,0,99,2243400,-1
34334.650755635,5,0,1,2243400,-1
34334.650755635,4,19948313,99,2243600,-1
34334.650886984,3,20344005,100,2241700,1
34334.650886984,1,20350495,100,2242800,1
34334.650990622,3,20350495,100,2242800,1
34334.650990622,1,20350503,100,2240600,1
34334.77609045,3,20350503,100,2240600,1
34334.77609045,1,20353511,100,2240300,1
34334.84224548,1,20355014,50,2242500,-1
34334.842372007,3,20353511,100,2240300,1
34334.842372007,1,20355018,100,2239700,1
34336.989056013,3,20355018,100,2239700,1
34336.989056013,1,20410319,100,2239400,1
34338.568644947,1,20436930,51,2241900,1
34338.568752096,4,20436930,51,2241900,1
34338.568788127,3,20410319,100,2239400,1
34338.568788127,1,20436945,100,2241800,1
34338.57704422,5,0,100,2241900,1
34338.57746592,4,20436945,100,2241800,1
34338.57998244,1,20437784,200,2236200,1
34338.580172803,3,20437784,200,2236200,1
34338.600258933,1,20439224,2,2242000,-1
34338.647104678,3,20254663,100,2236100,1
34338.718822066,1,20443473,100,2236200,1
34338.771867834,3,20443473,100,2236200,1
34339.18248368,1,20455022,100,2236600,1
34339.266893274,3,20455022,100,2236600,1
34339.302889099,1,20457452,200,2235300,1
34339.306545204,3,20457452,200,2235300,1
34339.643435975,1,20465048,200,2235300,1
34339.64460833,3,20465048,200,2235300,1
34341.81144042,3,20439224,2,2242000,-1
34345.300997572,1,20583033,100,2240500,1
34345.91245982,4,20583033,1,2240500,1
34346.151252424,4,20583033,1,2240500,1
34346.342334214,4,20583033,98,2240500,1
34346.349686489,5,0,20,2241000,1
34346.440109442,1,20618589,100,2239300,1
34346.440420409,3,20618589,100,2239300,1
34346.440420409,1,20618667,100,2239000,1
34347.565963644,1,20652047,200,2242000,-1
34347.566107004,3,20618667,100,2239000,1
34347.566107004,1,20652049,100,2237900,1
34348.42300045,1,20674653,1,2241900,-1
34348.424633349,3,20674653,1,2241900,-1
34348.424633349,1,20675051,2,2241900,-1
34348.591359809,4,20652049,100,2237900,1
34348.615040133,3,20440498,5,2235200,1
34348.835885633,1,20687888,100,2238200,1
34348.836259799,4,20687888,100,2238200,1
34349.294726903,1,20725771,100,2241900,-1
34350.072817915,1,20753785,2,2241400,-1
34350.072944278,1,20753796,2,2241300,-1
34351.126507929,1,20779824,200,2241300,-1
34352.745092553,1,20812077,200,2240000,-1
34352.745226435,1,20812082,2,2239900,-1
34352.757715015,5,0,63,2237950,1
34357.318056809,1,20897618,100,2238300,1
34357.318175769,4,20897618,2,2238300,1
34357.318428634,4,20897618,98,2238300,1
34357.923410664,1,20905547,100,2239400,-1
34357.923525155,1,20905551,2,2239300,-1
34357.942362267,1,20905801,2,2238400,-1
34357.942476412,1,20905802,2,2238300,-1
34367.395507637,4,20905802,2,2238300,-1
34367.395507637,4,20905801,2,2238400,-1
34367.493596883,3,20905834,1,2238900,-1
34367.521110338,1,21116099,1,2238600,-1
34367.52287082,1,21116125,1,2238600,-1
34369.757504506,1,21158422,100,2238600,-1
34372.184220624,1,21200354,200,2238600,-1
34376.537934843,3,21116099,1,2238600,-1
34376.539609224,3,21116125,1,2238600,-1
34377.54756196,3,21200354,200,2238600,-1
34377.54767164,1,21283697,200,2238300,-1
34377.568087689,1,21283999,1,2237600,-1
34377.569715065,1,21284027,1,2237600,-1
34378.423656334,4,21283999,1,2237600,-1
34378.423656334,4,21284027,1,2237600,-1
34378.426210489,1,21294878,100,2238200,-1
34378.435754289,5,0,98,2238100,-1
34378.436354123,3,21294878,100,2238200,-1
34378.43741492,1,21294996,100,2238200,-1
34380.651736573,3,21294996,100,2238200,-1
34380.689368228,1,21342263,100,2237900,-1
34380.705832358,1,21343808,1,2237900,-1
34386.849534174,3,21343808,1,2237900,-1
34389.158911225,1,21508773,1,2237700,-1
34391.717387269,1,21559847,100,2237700,-1
34393.083517496,1,21587203,100,2237700,-1
34394.943670842,1,21616444,100,2237500,-1
34394.961784665,1,21616642,1,2237500,-1
34395.842954443,4,21616444,100,2237500,-1
34395.843912012,4,21616642,1,2237500,-1
34395.8448386,4,21508773,1,2237700,-1
34395.8448386,4,21559847,100,2237700,-1
34395.8448386,4,21587203,99,2237700,-1
34395.845004983,4,21587203,1,2237700,-1
34395.846948302,1,21636092,100,2237700,-1
34395.847114343,4,21636092,100,2237700,-1
34395.84711567,5,0,100,2237700,-1
34395.847426932,1,21636299,100,2237700,-1
34395.847633378,4,21636299,96,2237700,-1
34395.84765383,4,21636299,4,2237700,-1
34395.847908744,1,21636573,100,2237700,-1
34395.848862847,4,21636573,69,2237700,-1
34395.849035972,4,21636573,31,2237700,-1
34395.849053644,5,0,100,2237700,-1
34395.849212413,1,21637454,100,2237700,-1
34395.851468036,4,21637454,100,2237700,-1
34395.851552647,3,21138842,200,2239800,-1
34395.851552647,1,21638597,200,2239500,-1
34395.851724689,1,21638670,100,2237700,-1
34395.873668475,4,21638670,12,2237700,-1
34395.87391655,1,21644399,100,2237700,-1
34395.938548754,4,21638670,88,2237700,-1
34395.938548754,4,21644399,12,2237700,-1
34395.938879927,1,21650189,67,2237700,-1
34396.023181395,4,21644399,88,2237700,-1
34396.023181395,4,21650189,67,2237700,-1
34396.023552171,3,21638597,200,2239500,-1
34396.023552171,1,21655826,200,2239700,-1
34396.036005286,3,21655826,200,2239700,-1
34396.036005286,1,21656537,200,2239900,-1
34396.786735934,1,21674864,7,2236000,1
34396.787103828,3,21656537,200,2239900,-1
34397.204422176,1,21683768,500,2236000,1
34400.045403237,1,21748178,400,2239900,-1
34400.295960669,2,21748178,200,2239900,-1
34400.301749181,3,21748178,200,2239900,-1
34402.151569693,1,21798025,200,2239900,-1
34402.732493191,5,0,45,2237000,1
34402.779461169,1,21806628,1,2238800,-1
34405.798614112,4,21806628,1,2238800,-1
34406.543623358,1,21866410,100,2236500,1
34406.543642815,1,21866411,100,2239600,-1
34406.544100238,1,21866417,400,2239600,-1
34407.025340387,1,21873101,200,2239600,-1
34409.326018975,2,21866417,200,2239600,-1
34412.011528207,1,21942984,100,2237600,1
34414.718329966,1,21980296,43,2238900,-1
34414.765462735,4,21942984,100,2237600,1
34415.990784614,4,21866410,2,2236500,1
34415.993047892,4,21866410,2,2236500,1
34418.450176448,5,0,100,2238600,-1
34419.522912602,3,21980296,43,2238900,-1
34419.523365514,5,0,55,2239500,-1
34419.523365514,4,21866411,100,2239600,-1
34419.523365514,4,21866417,145,2239600,-1
34419.523455268,5,0,18,2238800,1
34419.524564079,3,21866417,55,2239600,-1
34419.524564079,1,22051475,100,2239700,-1
34419.525919553,3,22051475,100,2239700,-1
34419.525919553,1,22051487,100,2239900,-1
34419.531735333,3,22051487,100,2239900,-1
34420.718919784,1,22091806,43,2238600,-1
34420.719042321,4,22091806,43,2238600,-1
34421.842313961,5,0,100,2239900,-1
34427.758013538,1,22186452,100,2240000,-1
34427.795746715,1,22186797,1,2239600,-1
34429.923702123,1,22209500,2,2238600,-1
34431.280330668,1,22225266,200,2236500,1
34431.282668515,3,22225266,200,2236500,1
34431.304092067,4,22209500,2,2238600,-1
34431.306279344,4,22186797,1,2239600,-1
34431.318109912,4,20812077,40,2240000,-1
34433.005506593,3,22186452,100,2240000,-1
34433.007066268,4,20812077,160,2240000,-1
34433.007516692,1,22255951,100,2240000,1
34433.014322523,3,22106242,200,2241800,-1
34433.722465837,3,22255951,100,2240000,1
34434.215529533,1,22274843,100,2237300,1
34435.906900805,1,22295829,100,2240000,1
34439.626716692,1,22338263,1,2242000,-1
34442.016384147,5,0,100,2241800,-1
34444.054217486,5,0,100,2241900,-1
34444.055049901,5,0,45,2241900,-1
34444.055049901,4,20652047,55,2242000,-1
34444.055818191,4,20652047,100,2242000,-1
34444.055922507,4,20652047,45,2242000,-1
34444.055922507,4,22338263,1,2242000,-1
34444.056320319,1,22426277,100,2242000,1
34444.056738019,4,20355014,50,2242500,-1
34444.217387921,4,21120913,30,2242900,-1
34444.217757848,4,20915644,100,2243000,-1
34444.220538049,4,19948313,1,2243600,-1
34444.272352818,5,0,45,2242300,1
34444.272352818,5,0,55,2242200,1
34444.463982225,3,22426277,100,2242000,1
34445.747977526,1,22450352,100,2242000,1
34445.985190929,1,22453396,100,2242000,1
34448.169454786,5,0,100,2244100,-1
34448.779811264,5,0,2,2242300,1
34448.781128618,5,0,2,2242300,1
34449.856461104,3,17454308,100,2244500,-1
34449.856836303,1,22517179,200,2244500,-1
34449.857386782,5,0,200,2244100,-1
34449.858003999,4,22517179,100,2244500,-1
34449.860885033,4,22517179,100,2244500,-1
34449.860885033,5,0,75,2244500,-1
34449.86112417,1,22517293,125,2244500,-1
34449.862959887,4,22517293,100,2244500,-1
34449.863460598,4,22517293,21,2244500,-1
34449.960380579,4,22517293,4,2244500,-1
34450.02050021,4,4631805,5,2245000,-1
34450.028401988,1,22519873,100,2244900,1
34450.049028254,4,22519873,100,2244900,1
34450.227028223,1,22522589,100,2244900,1
34450.227394692,4,22522589,100,2244900,1
34450.45008693,1,22524875,100,2244900,1
34450.718312795,1,22527537,5,2246900,-1
34451.033175139,4,22524875,100,2244900,1
34451.22412782,1,22532942,100,2244900,1
34451.333801202,3,22532942,100,2244900,1
34451.333801202,1,22534491,100,2244400,1
34451.343925139,1,22534667,100,2244900,1
34451.344014838,1,22534671,100,2245800,1
34453.662124316,5,0,100,2245900,1
34453.662202859,4,22534671,100,2245800,1
34454.740158633,1,22582524,100,2246800,-1
34454.756635585,5,0,100,2245100,1
34454.756635585,4,22534667,100,2244900,1
34455.422076321,1,22591862,100,2244600,1
34455.42219142,4,22591862,100,2244600,1
34457.077726405,1,22611872,200,2246800,-1
34457.093859905,3,22611872,200,2246800,-1
34460.282348973,3,22582524,100,2246800,-1
34460.284997968,3,22615729,200,2246900,-1
34460.285165244,1,22671751,300,2246400,-1
34460.314919729,1,22672038,1,2245900,-1
34462.870109501,5,0,11,2244100,-1
34462.870109501,5,0,90,2245500,-1
34462.872619193,5,0,101,2245800,-1
34462.880111011,4,22672038,1,2245900,-1
34462.883940151,5,0,100,2246300,-1
34463.689095946,1,22709259,200,2246400,-1
34464.253226455,5,0,1,2244200,1
34464.253457641,3,22709259,200,2246400,-1
34464.25464595,5,0,2,2244300,1
34464.262244556,5,0,2,2244400,1
34464.947689949,3,22671751,300,2246400,-1
34464.965303193,3,22723179,200,2246700,-1
34464.965303193,1,22727904,200,2246900,-1
34465.446345741,5,0,2,2244600,1
34465.447705921,5,0,2,2244200,1
34468.010685413,1,22771332,300,2246900,-1
34468.581697123,1,22777513,1,2246900,-1
34468.900679473,3,22727904,200,2246900,-1
34469.00470116,3,22777513,1,2246900,-1
34469.128079729,1,22783957,1,2246500,-1
34469.360728709,1,22786334,100,2245700,1
34470.053763017,5,0,50,2245800,1
34470.498874916,4,22783957,1,2246500,-1
34470.501845539,4,22527537,5,2246900,-1
34470.501845539,4,22771332,19,2246900,-1
34472.208386486,4,22771332,200,2246900,-1
34472.215223145,4,22771332,81,2246900,-1
34472.818360498,4,4631225,10,2247500,-1
34472.818360498,5,0,90,2247500,-1
34472.907858817,1,22832361,100,2247500,1
34472.907949194,4,22832361,100,2247500,1
34472.909149327,5,0,50,2246200,1
34472.909149327,5,0,50,2246100,1
34472.90989999,1,22832389,77,2247900,-1
34473.573145284,1,22839312,300,2247500,-1
34473.573332478,1,22839315,77,2247500,-1
34473.962453884,5,0,2,2245900,1
34473.963725944,5,0,2,2245900,1
34473.973382881,5,0,2,2245900,1
34473.975656892,5,0,1,2245900,1
34474.743808417,5,0,2,2245900,1
34475.723024899,5,0,1,2245900,1
34477.424946843,3,22839312,300,2247500,-1
34477.427818778,1,22891526,200,2247500,-1
34477.448753545,5,0,90,2245900,1
34477.448753545,5,0,67,2245800,1
34478.024002516,1,22897386,100,2246000,1
34478.209903684,1,22899417,100,2247300,-1
34478.210035715,3,22897386,100,2246000,1
34478.210035715,1,22899420,100,2245900,1
34478.210118482,1,22899424,77,2247300,-1
34478.595675381,5,0,7,2246100,1
34478.595675381,5,0,43,2246000,1
34481.977638891,5,0,1,2246000,1
34481.982843329,5,0,4,2246000,1
34481.982941277,5,0,100,2246000,1
34482.014600479,5,0,100,2246000,1
34482.02634442,5,0,1,2246000,1
34482.039284555,5,0,84,2246000,1
34482.039284555,4,22899420,16,2245900,1
34482.378870859,4,22899420,84,2245900,1
34482.378978835,4,22786334,100,2245700,1
34482.38592497,1,22955746,200,2242000,1
34482.622958942,1,22959293,100,2244600,1
34483.969026862,1,22975007,4,2246600,-1
34483.969239781,3,22959293,100,2244600,1
34483.969239781,1,22975020,100,2244800,1
34483.969240837,1,22975021,77,2246600,-1
34483.969503634,3,22975020,100,2244800,1
34483.969503634,1,22975033,100,2244500,1
34485.008528434,3,22975033,100,2244500,1
34485.008528434,1,22991791,100,2244400,1
34485.038150871,3,22991791,100,2244400,1
34485.038310834,1,22997265,100,2244400,1
34485.055230465,1,22998802,1,2246500,-1
34485.055431519,3,22997265,100,2244400,1
34485.055431519,1,22998829,100,2244800,1
34485.055447216,1,22998831,77,2246500,-1
34485.055558721,3,22998829,100,2244800,1
34485.055558721,1,22998840,100,2244400,1
34486.507158651,1,23022123,200,2246500,-1
34486.507279526,3,22998840,100,2244400,1
34486.507279526,1,23022124,100,2244100,1
34486.980485826,3,23022124,100,2244100,1
34486.980575614,3,22998831,77,2246500,-1
34486.980654869,1,23027289,100,2244100,1
34486.98070208,1,23027303,77,2245800,-1
34486.980937487,3,23027289,100,2244100,1
34486.980937487,1,23027353,100,2244000,1
34486.983551652,1,23027499,2,2245700,-1
34486.983725478,3,23027353,100,2244000,1
34486.983725478,1,23027504,100,2244100,1
34486.983730682,1,23027505,77,2245700,-1
34486.983761727,3,23027499,2,2245700,-1
34486.983829509,3,23027504,100,2244100,1
34486.983829509,1,23027511,100,2243900,1
34486.983904771,1,23027512,2,2245600,-1
34486.984064905,3,23027511,100,2243900,1
34486.984064905,1,23027518,100,2244100,1
34486.984067782,1,23027519,77,2245600,-1
34486.984071242,3,23027512,2,2245600,-1
34486.984251873,3,23027518,100,2244100,1
34486.984251873,1,23027524,100,2243900,1
34486.984349144,1,23027529,2,2245500,-1
34486.984522169,3,23027524,100,2243900,1
34486.984522169,1,23027550,100,2244100,1
34486.984523738,1,23027551,77,2245500,-1
34486.984568245,3,23027529,2,2245500,-1
34486.984651798,3,23027550,100,2244100,1
34486.984651798,1,23027556,100,2243900,1
34486.98473346,1,23027562,2,2245400,-1
34486.984891114,3,23027556,100,2243900,1
34486.984891114,1,23027566,100,2244100,1
34486.984899376,1,23027568,77,2245400,-1
34486.984903027,3,23027562,2,2245400,-1
34486.985031016,1,23027573,2,2245300,-1
34486.985115386,3,23027566,100,2244100,1
34486.985115386,1,23027577,100,2243900,1
34486.985198669,1,23027581,77,2245300,-1
34486.985222406,3,23027573,2,2245300,-1
34487.007315177,1,23027906,1,2244600,-1
34487.007399915,3,23027577,100,2243900,1
34487.007399915,1,23027908,100,2244000,1
34487.007422444,1,23027909,2,2244500,-1
34487.00743355,4,23027909,2,2244500,-1
34487.00743355,4,23027906,1,2244600,-1
34487.007488731,1,23027914,77,2244600,-1
34487.007511212,3,23027908,100,2244000,1
34487.007511212,1,23027915,100,2244100,1
34487.007516144,3,23027914,77,2244600,-1
34487.007610712,1,23027924,77,2245800,-1
34487.007703324,3,23027915,100,2244100,1
34487.007703324,1,23027928,100,2244000,1
34488.028051437,3,23027928,100,2244000,1
34488.028258695,1,23052513,100,2244000,1
34488.029250956,1,23052634,1,2245700,-1
34488.029446081,1,23052643,77,2245700,-1
34488.029954367,3,23052513,100,2244000,1
34488.029954367,1,23052675,100,2243900,1
34489.270872338,4,23052675,100,2243900,1
34489.27667638,3,23052643,77,2245700,-1
34489.27678079,3,23052634,1,2245700,-1
34489.27678079,1,23075282,1,2246400,-1
34489.276796908,1,23075283,77,2245100,-1
34489.276906983,1,23075292,1,2245000,-1
34489.277089553,1,23075305,77,2245000,-1
34489.277100578,3,23075292,1,2245000,-1
34489.383529516,1,23080371,1,2244900,-1
34489.383718537,1,23080379,77,2244200,-1
34489.383836978,1,23080385,1,2244100,-1
34489.384011627,1,23080392,77,2244100,-1
34489.384016841,3,23080385,1,2244100,-1
34490.005229716,1,23089014,1,2244000,-1
34490.005438204,3,23089014,1,2244000,-1
34490.005438204,1,23089024,1,2246500,-1
34490.00544034,1,23089025,77,2244000,-1
34490.005511662,3,23089025,77,2244000,-1
34490.00560818,1,23089037,77,2244800,-1
34490.005698397,1,23089042,1,2244700,-1
34490.005869626,1,23089049,77,2244700,-1
34490.005872767,3,23089042,1,2244700,-1
34490.014250592,5,0,200,2242200,1
34490.014759441,1,23089383,1,2244600,-1
34490.014943025,1,23089393,77,2244600,-1
34490.014946989,3,23089383,1,2244600,-1
34490.072480597,1,23090721,1,2244500,-1
34490.072659029,3,23090721,1,2244500,-1
34490.072659029,1,23090724,1,2246500,-1
34490.072662251,1,23090725,77,2244500,-1
34490.223191387,1,23092756,100,2243700,1
34490.22329742,1,23092758,1,2244400,-1
34490.223298113,4,23092756,3,2243700,1
34490.223378062,4,23092756,97,2243700,1
34490.223480627,1,23092766,77,2244400,-1
34490.223490742,3,23092758,1,2244400,-1
34491.10702906,1,23105970,1,2244300,-1
34491.107219183,3,23105970,1,2244300,-1
34491.107219183,1,23105973,1,2246500,-1
34491.107234261,1,23105975,77,2244300,-1
34491.107295231,3,23105975,77,2244300,-1
34491.107393587,1,23105984,77,2244800,-1
34491.107498202,1,23105988,1,2244700,-1
34491.107662041,1,23105992,77,2244700,-1
34491.107675067,3,23105988,1,2244700,-1
34491.242659316,1,23109459,1,2244600,-1
34491.242841637,3,23109459,1,2244600,-1
34491.242841637,1,23109467,1,2246500,-1
34491.242848003,1,23109469,77,2244600,-1
34491.482652358,1,23113999,1,2244500,-1
34491.482824136,3,23113999,1,2244500,-1
34491.482824136,1,23114004,1,2246500,-1
34491.482830489,1,23114006,77,2244500,-1
34491.887391067,1,23118331,300,2244300,-1
34491.887511655,1,23118335,1,2244200,-1
34491.887697516,1,23118341,77,2244200,-1
34493.883076331,1,23139178,100,2243900,-1
34493.883202722,1,23139180,1,2243800,-1
34493.883394843,1,23139187,77,2243800,-1
34498.490053727,1,23200868,300,2243500,-1
34498.49016826,1,23200872,1,2243400,-1
34498.490380566,1,23200875,77,2243400,-1
34498.770033436,1,23204531,1,2243300,-1
34498.770143844,1,23204534,1,2243200,-1
34498.77033405,1,23204537,77,2243200,-1
34499.912600704,4,22450352,100,2242000,1
34500.116259304,3,23204534,1,2243200,-1
34500.116259304,1,23235109,2,2243200,-1
34500.116486797,4,22545486,1,2241200,1
34500.117798916,4,22545486,1,2241200,1
34500.268836694,1,23242423,1,2243200,-1
34502.301420235,1,23298883,100,2243000,-1
34502.301538452,1,23298886,2,2242900,-1
34502.301752546,1,23298900,77,2242900,-1
34502.719868382,1,23304833,47,2242600,-1
34502.720011723,1,23304841,2,2242500,-1
34502.720197705,1,23304854,77,2242500,-1
34503.003434171,4,22545486,300,2241200,1
34503.003660112,1,23308991,300,2241200,1
34504.671229092,4,22545486,2,2241200,1
34506.5545624,1,23385854,1,2242400,-1
34506.554690654,1,23385856,2,2242300,-1
34506.554896311,1,23385862,77,2242300,-1
34506.99601228,4,22545486,96,2241200,1
34506.99601228,4,23308991,300,2241200,1
34507.01845926,3,23385862,77,2242300,-1
34507.018572005,1,23401727,77,2241700,-1
34507.018684136,1,23401735,2,2241600,-1
34507.018849449,1,23401746,77,2241600,-1
34507.018867701,3,23401735,2,2241600,-1
34507.019375848,1,23401765,2,2241500,-1
34507.01953882,1,23401778,77,2241500,-1
34507.019546829,3,23401765,2,2241500,-1
34507.025342557,1,23401919,2,2241400,-1
34507.025525383,1,23401928,77,2241400,-1
34507.025526556,3,23401919,2,2241400,-1
34507.137492805,1,23404340,2,2241300,-1
34507.137687495,1,23404356,77,2241300,-1
34507.137688438,3,23404340,2,2241300,-1
34507.146693894,1,23405016,2,2241200,-1
34507.146871631,1,23405028,77,2241200,-1
34507.146903435,3,23405016,2,2241200,-1
34507.147825571,1,23405070,2,2241100,-1
34507.147992939,1,23405078,77,2241100,-1
34507.148003417,3,23405070,2,2241100,-1
34507.148242398,1,23405086,2,2241000,-1
34507.148422629,1,23405097,77,2241000,-1
34507.148427136,3,23405086,2,2241000,-1
34507.149553915,1,23405159,2,2240900,-1
34507.149728052,1,23405165,77,2240900,-1
34507.149742697,3,23405159,2,2240900,-1
34509.094628024,1,23449699,200,2240900,-1
34509.094764345,1,23449703,2,2240800,-1
34509.09497346,1,23449710,77,2240800,-1
34510.028900958,4,22702485,30,2239100,1
34510.0335718,5,0,100,2238100,1
34510.0335718,4,22497468,10,2238000,1
34510.035076357,1,23466976,100,2240500,-1
34510.035184401,1,23466978,2,2240400,-1
34510.035384924,1,23466981,77,2240400,-1
34510.586863005,1,23477815,100,2240300,-1
34510.586985365,1,23477818,2,2240200,-1
34510.587199557,1,23477840,77,2240200,-1
34511.993742888,3,23477818,2,2240200,-1
34511.993742888,1,23506824,3,2240200,-1
34511.996179966,3,23506824,3,2240200,-1
34511.996179966,1,23507124,4,2240200,-1
34512.18657372,1,23513506,100,2240100,-1
34512.186708448,1,23513511,4,2240000,-1
34512.186909182,1,23513522,77,2240000,-1
34512.700471786,1,23543724,100,2239700,-1
34512.700585574,1,23543728,4,2239600,-1
34512.700788283,1,23543736,77,2239600,-1
34514.469464373,4,23543728,4,2239600,-1
34514.469464373,4,23543736,77,2239600,-1
34514.469464373,5,0,19,2239700,-1
34517.939553693,1,23651493,100,2238400,1
34518.005406541,3,23651493,100,2238400,1
34518.005406541,1,23652780,100,2238600,1
34519.578372245,4,23552250,1,2240000,-1
34519.585456104,4,23516726,83,2240200,-1
34519.585469854,4,23516726,17,2240200,-1
34519.586380187,1,23677962,200,2241600,-1
34519.586597383,3,23652780,100,2238600,1
34519.586597383,1,23677968,100,2238700,1
34519.59083153,3,23677962,200,2241600,-1
34519.59083153,1,23678050,200,2242200,-1
34520.221954738,3,23678050,200,2242200,-1
34520.221954738,1,23687913,200,2241900,-1
34522.239472453,1,23717865,100,2241800,-1
34522.240604686,3,23717865,100,2241800,-1
34522.253223122,3,23677968,100,2238700,1
34522.253223122,1,23718155,100,2241000,1
34522.253685986,3,23687913,200,2241900,-1
34522.253685986,1,23718170,200,2242000,-1
34522.255438199,3,23718170,200,2242000,-1
34522.255438199,1,23718233,200,2242100,-1
34523.715606918,3,23718233,200,2242100,-1
34523.715606918,1,23741377,200,2242200,-1
34523.716050854,3,23741377,200,2242200,-1
34523.716050854,1,23741430,200,2242300,-1
34523.716675127,3,23741430,200,2242300,-1
34523.716675127,1,23741499,200,2242500,-1
34523.718725797,3,23741499,200,2242500,-1
34527.356742146,1,23808011,200,2242500,-1
34531.4825504,3,23808011,200,2242500,-1
34531.4825504,1,23866012,200,2242400,-1
34534.726580801,1,23910183,79,2241700,-1
34534.753962293,3,23718155,100,2241000,1
34534.753962293,1,23910496,100,2241400,1
34534.754920238,3,23910183,79,2241700,-1
34534.906641453,3,23866012,200,2242400,-1
34534.906641453,1,23912173,200,2242500,-1
34535.316488304,3,23912173,200,2242500,-1
34535.316488304,1,23917321,200,2243300,-1
34535.373209844,3,23910496,100,2241400,1
34535.373209844,1,23917882,100,2241500,1
34535.37351938,3,23917321,200,2243300,-1
34535.37351938,1,23917888,200,2243500,-1
34535.373623944,1,23917889,100,2243500,-1
34535.403711171,4,23917882,100,2241500,1
34535.432388413,3,23917889,100,2243500,-1
34535.939650755,3,23917888,200,2243500,-1
34535.939650755,1,23923527,200,2243700,-1
34535.941005639,3,23923527,200,2243700,-1
34535.941005639,1,23923539,200,2243800,-1
34535.943556177,3,23923539,200,2243800,-1
34535.943556177,1,23923565,200,2244200,-1
34535.943898689,3,23923565,200,2244200,-1
34535.943898689,1,23923572,200,2244400,-1
34535.945161126,3,23923572,200,2244400,-1
34535.945161126,1,23923594,200,2243600,-1
34536.120722094,3,23923594,200,2243600,-1
34536.120722094,1,23925565,200,2243800,-1
34536.24018411,3,23925565,200,2243800,-1
34536.24018411,1,23926836,200,2243500,-1
34536.727146481,1,23932733,79,2241300,-1
34538.702489482,4,23907873,30,2240000,1
34538.702705091,1,23955825,100,2239400,-1
34538.702804822,4,23955825,100,2239400,-1
34538.702821216,5,0,100,2239400,-1
34538.702824483,5,0,100,2239400,-1
34538.702827747,5,0,200,2239400,-1
34538.702833293,5,0,74,2239400,-1
34538.702883268,3,23923519,200,2238800,1
34540.086255645,1,23982445,100,2241300,-1
34540.096438726,3,23982445,100,2241300,-1
34543.048273053,1,24018868,200,2241300,-1
34547.416608627,3,24018868,200,2241300,-1
34548.205144229,1,24104731,100,2238900,1
34549.692244748,1,24128897,200,2241000,-1
34550.311975905,1,24139782,100,2240000,-1
34550.593011118,4,24139782,30,2240000,-1
34553.258915288,4,24104731,100,2238900,1
34559.998918979,4,24139782,70,2240000,-1
34562.728883038,3,23932733,79,2241300,-1
34563.648274969,1,24336628,100,2241300,-1
34563.648674072,1,24336632,200,2241300,-1
34563.667626838,1,24336910,100,2241200,-1
34563.873899188,3,24336910,100,2241200,-1
34564.728129793,1,24349254,64,2240400,-1
34565.515217515,1,24365588,100,2239900,-1
34565.530631359,4,23849760,75,2238800,1
34565.61679025,1,24368440,100,2238500,1
34566.021888215,4,24368440,100,2238500,1
34572.664735511,1,24487326,100,2238200,1
34576.207969283,4,24487326,100,2238200,1
34576.208452376,1,24535430,200,2239900,-1
34576.21396346,1,24535601,100,2239800,-1
34576.214920622,3,24535601,100,2239800,-1
34577.176519942,3,24535430,200,2239900,-1
34577.21320513,1,24582624,100,2237300,1
34577.2132931,1,24582650,100,2237300,1
34577.622229679,3,24582650,100,2237300,1
34578.430705332,3,24582624,100,2237300,1
34581.767796423,1,24690789,100,2239700,-1
34583.006279339,3,24690789,100,2239700,-1
34585.086164952,1,24760049,50,2239600,1
34585.086706722,4,24365588,100,2239900,-1
34585.086706722,5,0,20,2239900,-1
34585.087154825,1,24760732,80,2239900,-1
34585.088605082,4,24760732,80,2239900,-1
34586.200651182,3,24760049,50,2239600,1
34586.226716199,3,24765547,100,2238600,1
34586.311588568,1,24804599,200,2238600,1
34586.923069974,4,24349254,64,2240400,-1
34586.928565639,5,0,100,2241300,-1
34586.934360062,5,0,100,2241300,-1
34586.93515852,5,0,100,2241400,-1
34586.93994993,4,24081270,100,2241500,-1
34586.93994993,4,24802400,100,2241500,-1
34586.940545063,3,24802400,100,2241500,-1
34586.940545063,1,24814632,100,2242200,-1
34586.944635258,3,24814632,100,2242200,-1
34586.958170547,1,24814880,300,2242500,-1
34586.993830503,3,24814880,300,2242500,-1
34587.7323144,1,24827088,300,2238700,1
34589.269253754,1,24870564,100,2242400,-1
34591.102335252,1,24903476,100,2242400,-1
34591.458464229,5,0,2,2239200,1
34591.460093502,5,0,2,2239300,1
34591.460761235,3,24827088,300,2238700,1
34591.461573306,1,24910964,200,2242300,-1
34591.463644977,5,0,2,2239400,1
34598.477004559,1,25038500,100,2242300,-1
34599.178610039,1,25053706,100,2242200,-1
34599.686414989,1,25061446,400,2242100,-1
34602.336117508,1,25100616,100,2242000,-1
34602.886511257,1,25106450,300,2241900,-1
34604.676203062,1,25143157,100,2241900,-1
34606.505463573,1,25164163,100,2240800,1
34606.505576114,4,25164163,100,2240800,1
34607.132190881,3,25143157,100,2241900,-1
34611.148294295,3,25106450,300,2241900,-1
34611.686275183,1,25232065,100,2241700,-1
34611.690520231,1,25232096,100,2238700,1
34611.743343746,1,25232651,100,2241700,-1
34611.972143471,3,25232065,100,2241700,-1
34611.988126042,3,25232096,100,2238700,1
34616.014124375,1,25315106,200,2240400,1
34617.065099764,5,0,100,2241600,-1
34627.855942838,3,25232651,100,2241700,-1
34628.397095815,1,25473038,100,2241600,-1
34629.11803882,1,25482160,100,2241500,-1
34630.169021332,5,0,94,2240500,1
34630.169021332,5,0,6,2240500,1
34630.169132386,5,0,94,2240500,1
34630.169132386,5,0,6,2240500,1
34630.169747779,5,0,134,2240500,1
34630.169747779,5,0,46,2240500,1
34630.17533945,5,0,54,2240500,1
34630.17533945,4,25315106,146,2240400,1
34630.176176444,4,25315106,54,2240400,1
34630.179240891,1,25516180,200,2241500,-1
34630.188156333,1,25517117,100,2241300,-1
34630.193638142,3,25517117,100,2241300,-1
34630.195398446,1,25517669,100,2239000,1
34634.373177047,1,25604259,100,2240400,1
34634.373547185,4,25604259,14,2240400,1
34636.009796028,3,25516180,200,2241500,-1
34636.009796028,1,25633026,200,2241200,-1
34636.676641633,3,25633026,200,2241200,-1
34636.676641633,1,25647568,200,2241300,-1
34638.362414295,3,25647568,200,2241300,-1
34638.362414295,1,25669288,200,2241500,-1
34638.387886999,3,25669288,200,2241500,-1
34639.985097322,5,0,100,2241300,-1
34640.247141038,4,25482160,100,2241500,-1
34640.268896364,4,25473038,100,2241600,-1
34640.269123201,1,25706199,100,2241600,-1
34641.609635915,1,25723178,100,2241600,-1
34647.813585207,1,25806897,200,2241600,-1
34648.09444385,3,25706199,100,2241600,-1
34652.717627791,1,25873818,100,2241500,-1
34652.718009035,1,25873824,200,2241500,-1
34653.364033872,1,25880288,100,2241500,-1
34654.63444529,4,25604259,25,2240400,1
34655.427968815,1,25919165,100,2241500,-1
34657.398019014,4,25604259,2,2240400,1
34657.398771437,4,25604259,2,2240400,1
34657.400495791,4,25604259,2,2240400,1
34657.400563638,4,25604259,55,2240400,1
34658.010946636,3,25919165,100,2241500,-1
34660.029222188,3,25873818,100,2241500,-1
34660.838014273,3,25901415,100,2240000,1
34660.841755316,3,25873824,200,2241500,-1
34660.843809014,1,25984798,100,2240500,1
34661.864039612,5,0,300,2241200,-1
34661.864039612,4,25880288,100,2241500,-1
34661.86452958,3,25984783,200,2241600,-1
34661.86452958,1,25993391,200,2242000,-1
34661.869501259,3,25993391,200,2242000,-1
34663.891361379,1,26008683,200,2240600,1
34664.224782784,4,25054870,100,2242300,-1
34665.775883569,1,26057784,100,2240600,1
34666.917212626,1,26069606,200,2242300,-1
34672.655393454,3,26069606,200,2242300,-1
34672.655496015,1,26166946,200,2242100,-1
34675.738909585,1,26251406,100,2240800,1
34675.967682571,1,26255945,100,2240800,1
34677.01994193,1,26270795,100,2242000,-1
34679.89890701,1,26311330,100,2242000,-1
34680.494492845,5,0,2,2240900,1
34680.496929309,1,26319642,100,2241800,-1
34680.530253296,3,26319642,100,2241800,-1
34681.179338103,5,0,23,2240900,1
34681.179338103,5,0,77,2240900,1
34682.665160977,1,26352029,200,2241800,-1
34683.737124076,1,26372408,100,2241600,-1
34683.840952624,5,0,21,2240900,1
34683.840952624,4,26251406,100,2240800,1
34683.840952624,4,26255945,79,2240800,1
34683.8410372,4,26255945,21,2240800,1
34683.841504543,4,26008683,200,2240600,1
34683.841765768,1,26382039,100,2240600,1
34683.842426797,3,26372408,100,2241600,-1
34683.856643929,4,26382039,100,2240600,1
34683.857359791,1,26383007,100,2239000,1
34683.911412389,1,26386077,100,2241600,-1
34684.703388021,1,26404124,100,2240200,1
34686.386444561,1,26431803,100,2241500,-1
34686.400158699,1,26431949,100,2241500,-1
34686.907763759,5,0,100,2241200,-1
34686.909143346,3,26431803,100,2241500,-1
34690.027852405,1,26504391,100,2240200,1
34698.537091152,1,26656019,100,2241400,-1
34700.082741034,5,0,20,2240300,1
34700.082741034,5,0,20,2240300,1
34700.082741034,5,0,20,2240300,1
34700.082741034,4,26404124,100,2240200,1
34700.082741034,4,26504391,40,2240200,1
34700.082878913,4,26504391,60,2240200,1
34700.084943941,3,26383007,100,2239000,1
34700.08568402,1,26725734,100,2238800,1
34700.086350863,1,26725822,200,2240000,1
34700.092215557,4,26725822,200,2240000,1
34700.092228859,3,26656019,100,2241400,-1
34700.093988457,3,26725907,100,2239000,1
34700.094367193,1,26726568,100,2240100,-1
34700.094666187,1,26726600,100,2238800,1
34700.09938973,3,26726600,100,2238800,1
34700.181350796,3,26726568,100,2240100,-1
34700.378255077,1,26747069,100,2241400,-1
34700.601930304,1,26754380,100,2241300,-1
34700.686356621,3,26754380,100,2241300,-1
34700.703804625,3,26747069,100,2241400,-1
34701.072349378,1,26773563,100,2241400,-1
34701.236717,1,26781174,100,2241300,-1
34702.089888338,1,26801867,100,2241300,-1
34702.596041382,1,26812611,100,2239000,1
34703.057331108,3,26812611,100,2239000,1
34703.07649828,1,26822725,79,2240100,1
34703.0779472,3,26781174,100,2241300,-1
34703.173258583,1,26824533,35,2240100,1
34703.586405918,1,26831696,100,2241100,-1
34703.596187704,3,26831696,100,2241100,-1
34704.136945344,1,26843995,100,2241100,-1
34706.157084504,4,26822725,79,2240100,1
34706.157084504,4,26824533,21,2240100,1
34706.158569272,3,26843995,100,2241100,-1
34706.16038913,4,26824533,14,2240100,1
34706.686550912,1,26915143,200,2241200,-1
34710.006707088,1,27032585,100,2241200,-1
34710.208660539,1,27044291,200,2241100,-1
34710.736111638,1,27063686,400,2241000,-1
34711.65559694,4,24804599,10,2238600,1
34711.767187106,1,27092797,100,2241000,-1
34712.61772,4,24804599,190,2238600,1
34712.61772,5,0,10,2238600,1
34712.617952562,1,27111446,200,2238600,1
34712.618033184,1,27111452,100,2241000,-1
34712.667288716,3,27111452,100,2241000,-1
34712.735849549,1,27115888,6,2239700,-1
34712.737681831,4,27111446,100,2238600,1
34712.737749549,4,27111446,100,2238600,1
34712.737964478,1,27115977,90,2238600,1
34712.744905056,4,27115977,90,2238600,1
34713.336190861,1,27128801,100,2239400,-1
34713.345924379,3,27128801,100,2239400,-1
34714.086629751,1,27169735,100,2239600,-1
34714.093553883,3,27169735,100,2239600,-1
34714.63743365,1,27208693,200,2239600,-1
34714.644015724,3,27208693,200,2239600,-1
34715.186286806,1,27234680,100,2239600,-1
34715.192966575,3,27234680,100,2239600,-1
34715.630575029,3,26595301,100,2236700,1
34715.9692558,1,27252241,100,2239400,1
34715.969365635,4,27115888,6,2239700,-1
34716.436389039,1,27262700,100,2240700,-1
34716.436464821,1,27262702,100,2240700,-1
34716.446038499,3,27262700,100,2240700,-1
34716.60473515,4,27252241,100,2239400,1
34716.605589762,1,27265617,100,2237100,1
34716.608134476,3,27265617,100,2237100,1
34716.60876739,1,27265663,100,2237000,1
34716.719711901,3,27265663,100,2237000,1
34716.720362827,1,27268847,100,2236900,1
34717.268663877,3,27262702,100,2240700,-1
34717.593267095,1,27286346,100,2237100,1
34717.593989221,1,27286359,100,2237200,1
34717.660515166,1,27287467,200,2240600,-1
34717.669772188,3,27287467,200,2240600,-1
34718.173385655,1,27297454,200,2240900,-1
34718.176251258,3,27297454,200,2240900,-1
34718.686625609,1,27306599,100,2240600,-1
34718.690648238,3,27286359,100,2237200,1
34718.696825822,3,27306599,100,2240600,-1
34719.236670836,1,27317890,100,2240600,-1
34719.248650288,3,27317890,100,2240600,-1
34719.667073416,1,27326048,100,2240500,-1
34719.984913757,3,27232265,114,2236200,1
34719.985066678,1,27332967,114,2236000,1
34720.600060359,1,27345923,25,2240000,1
34720.600162596,4,27345923,6,2240000,1
34720.600187721,4,27345923,19,2240000,1
34720.600201863,1,27345929,114,2236600,1
34720.702710451,3,27345929,114,2236600,1
34722.876967662,1,27406389,100,2240100,-1
34732.262328943,1,27586177,100,2240000,-1
34739.086796127,1,27705120,100,2239800,-1
34739.236808079,3,27705120,100,2239800,-1
34739.986127757,1,27721911,100,2239800,-1
34740.38647827,3,27721911,100,2239800,-1
34740.937164792,1,27764060,200,2239800,-1
34741.002507523,3,27332967,114,2236000,1
34742.818819441,1,27806714,100,2239700,-1
34743.536269312,1,27823542,100,2239500,-1
34744.924938693,3,27823542,100,2239500,-1
34744.926709734,1,27870490,100,2238700,-1
34745.02741548,3,27870490,100,2238700,-1
34745.429689736,1,27883900,100,2236200,1
34751.786143403,1,28000085,100,2239500,-1
34752.186097097,3,28000085,100,2239500,-1
34753.186366066,1,28019423,100,2239500,-1
34753.286001438,3,28019423,100,2239500,-1
34755.4694977,1,28054976,100,2238600,1
34756.375015262,1,28073237,100,2239600,-1
34757.775722844,1,28093908,100,2238600,1
34758.411106599,1,28104182,100,2239400,1
34758.417688684,1,28104265,100,2239400,1
34758.418768387,4,28073237,100,2239600,-1
34758.442095576,3,28102514,100,2241300,-1
34758.442790093,1,28104778,100,2241200,-1
34758.442891199,1,28104780,100,2241200,-1
34758.442892022,1,28104781,100,2241200,-1
34758.443955936,1,28104823,200,2240700,1
34758.631048029,3,28104780,100,2241200,-1
34759.237830513,3,28104823,200,2240700,1
34759.240961636,1,28118987,100,2241100,-1
34759.241041076,1,28118989,100,2241100,-1
34759.246055793,3,28118987,100,2241100,-1
34759.344734445,1,28120488,100,2238900,1
34759.419791487,3,28118989,100,2241100,-1
34759.765473695,3,28104778,100,2241200,-1
34759.765525818,1,28129226,100,2239700,-1
34761.263314345,3,28129226,100,2239700,-1
34761.299876544,3,28118075,100,2241900,-1
34762.709261043,3,27992970,200,2242000,-1
34763.144885346,1,28181287,100,2241200,-1
34763.144976342,1,28181291,100,2241200,-1
34763.436946689,3,28181291,100,2241200,-1
34765.516626606,1,28222402,100,2239700,1
34765.522571314,1,28222560,100,2239700,1
34766.387383673,4,28181287,100,2241200,-1
34766.394722214,1,28240173,100,2241600,-1
34766.394802851,1,28240193,100,2241600,-1
34766.394811019,1,28240196,100,2241600,-1
34766.402067263,3,28222402,100,2239700,1
34766.415776501,3,28240173,100,2241600,-1
34766.440784896,4,28240193,51,2241600,-1
34766.444908236,3,28240193,49,2241600,-1
34766.667713428,3,28240196,100,2241600,-1
34766.736025646,1,28265001,100,2239800,1
34766.818114266,4,26311330,100,2242000,-1
34769.207361197,3,28265001,100,2239800,1
34769.209333463,3,28222560,100,2239700,1
34769.216840584,4,23990042,100,2242500,-1
34770.531075595,1,28364542,100,2242900,-1
34770.531174005,1,28364564,100,2242900,-1
34770.53640764,1,28365855,100,2239900,1
34770.537656485,3,28365855,100,2239900,1
34771.466038672,3,28364564,100,2242900,-1
34773.889472659,3,28364542,100,2242900,-1
34774.301395574,1,28435227,100,2242800,-1
34774.301476317,1,28435228,100,2242800,-1
34774.47987762,3,28435228,100,2242800,-1
34776.636027909,1,28470908,100,2242700,-1
34776.636125806,1,28470910,100,2242700,-1
34776.827707073,3,28470908,100,2242700,-1
34776.828394808,1,28473608,100,2242000,-1
34782.649827198,3,28473608,100,2242000,-1
34782.649929982,1,28556581,100,2241800,-1
34783.342560999,3,28338053,100,2239400,1
34783.715379276,1,28570803,100,2241700,-1
34784.134614353,1,28578184,100,2241700,-1
34784.674552456,3,28256215,100,2238300,1
34791.970825974,5,0,100,2241600,-1
34791.970825974,5,0,100,2241600,-1
34791.971535458,3,28570803,100,2241700,-1
34793.187282717,3,28409530,100,2238000,1
34793.737964687,1,28759677,100,2237700,1
34796.48598979,1,28801911,100,2241600,-1
34800.286544761,3,28801911,100,2241600,-1
34801.121653737,3,28578184,100,2241700,-1
34801.12185589,1,28889060,100,2241600,-1
34805.533844227,1,28952644,100,2238100,1
34805.534410673,1,28952676,100,2241500,-1
34805.536758,3,28952644,100,2238100,1
34805.537405599,1,28952794,100,2237800,1
34805.53890442,3,28952676,100,2241500,-1
34805.547228864,3,28952794,100,2237800,1
34806.986737067,1,28972672,100,2241500,-1
34810.386059299,3,28972672,100,2241500,-1
34810.838046122,3,28889060,100,2241600,-1
34810.838221887,1,29030590,100,2241500,-1
34811.144629754,1,29034867,100,2241500,-1
34811.182036234,1,29035435,100,2241400,-1
34811.936617821,1,29045230,100,2241300,-1
34814.126017721,1,29086236,100,2241300,-1
34814.128921623,3,29045230,100,2241300,-1
34814.139097831,1,29086910,100,2238100,1
34814.30541224,1,29092003,75,2240100,-1
34814.307846984,3,29086910,100,2238100,1
34814.324496897,1,29092721,100,2237400,1
34814.332376355,3,29092721,100,2237400,1
34814.474936551,1,29106503,1,2240000,-1
34814.477256533,3,29106503,1,2240000,-1
34814.477256533,1,29107250,2,2240000,-1
34814.525513802,1,29112174,200,2236900,1
34816.353390066,3,29112174,200,2236900,1
34816.353390066,1,29162535,200,2236800,1
34816.874589271,3,29162535,200,2236800,1
34816.874589271,1,29169555,200,2236700,1
34816.945843149,4,29107250,2,2240000,-1
34816.945843149,1,29171582,11,2240000,1
34816.94595141,4,29171582,11,2240000,1
34816.945968128,3,29055774,114,2236700,1
34824.66188864,4,29092003,36,2240100,-1
34828.88131904,4,29092003,39,2240100,-1
34828.88131904,4,29353724,61,2240400,-1
34828.881571543,1,29366093,19,2240100,1
34828.881691257,4,29366093,19,2240100,1
34828.904236533,1,29372238,100,2238800,1
34828.904342531,4,29353724,39,2240400,-1
34828.904777754,4,29189328,90,2240600,-1
34828.904777754,4,29264701,10,2240600,-1
34828.904890354,4,29264701,90,2240600,-1
34828.905185833,3,29372238,100,2238800,1
34828.913822034,5,0,26,2241200,-1
34828.937699603,3,29372327,114,2236900,1
34829.160875668,1,29382284,100,2237500,1
34829.518183698,5,0,1,2239500,1
34829.518960642,5,0,2,2239600,1
34829.528946523,5,0,2,2239700,1
34829.529901049,5,0,2,2239800,1
34829.536437375,5,0,2,2239900,1
34829.678139636,5,0,2,2239500,1
34830.205255974,5,0,2,2239600,1
34830.938661301,5,0,2,2239700,1
34831.91488713,1,29426472,100,2241100,-1
34832.224960972,1,29431625,100,2237500,1
34832.225672912,3,29431625,100,2237500,1
34833.032920042,1,29442413,100,2237500,1
34846.567607171,1,29639018,100,2241000,-1
34847.423545804,5,0,67,2240600,-1
34847.423545804,4,29639018,33,2241000,-1
34847.424035631,4,29639018,67,2241000,-1
34847.424035631,4,29426472,33,2241100,-1
34847.425056565,4,29426472,67,2241100,-1
34847.425056565,4,29586814,33,2241200,-1
34847.425227149,1,29680414,114,2237500,1
34847.427528254,3,29586814,67,2241200,-1
34847.436118764,1,29684632,100,2239100,1
34847.459157028,4,29035435,1,2241400,-1
34847.466467514,3,29684632,100,2239100,1
34847.496322779,1,29694454,100,2238600,1
34847.986349798,1,29720835,100,2239100,1
34848.026021713,1,29722606,33,2240200,1
34848.087797346,3,29722606,33,2240200,1
34848.08864575,1,29725484,33,2240600,1
34848.091648314,3,29725484,33,2240600,1
34848.092346615,1,29725626,33,2240200,1
34848.190920231,3,29725626,33,2240200,1
34848.191717667,1,29728169,33,2240700,1
34848.194791919,3,29728169,33,2240700,1
34848.195485778,1,29728251,33,2240300,1
34848.229790184,3,29728251,33,2240300,1
34848.230463644,1,29728833,33,2240700,1
34848.230923702,3,29728833,33,2240700,1
34848.231579966,1,29728852,33,2240800,1
34848.267114359,3,29728852,33,2240800,1
34848.267754596,1,29729409,33,2240700,1
34848.538255613,4,29035435,99,2241400,-1
34848.544635414,3,29729409,33,2240700,1
34848.545347079,1,29741922,33,2241100,1
34848.554575959,1,29742099,17,2241500,-1
34848.554669911,4,29742099,1,2241500,-1
34848.5551604,3,29741922,33,2241100,1
34848.555810564,1,29742138,33,2240900,1
34852.428054467,4,29742099,16,2241500,-1
34852.428054467,5,0,84,2241600,-1
34852.428943501,3,29742138,33,2240900,1
34852.429676432,1,29825292,33,2241000,1
34852.524167335,3,29825292,33,2241000,1
34852.524794516,1,29827095,33,2240900,1
34852.524894469,4,29827095,33,2240900,1
34855.629114008,5,0,2,2239300,1
34855.630756775,1,29877071,200,2241600,-1
34855.744277208,1,29879335,100,2241600,-1
34855.772081477,5,0,500,2240300,-1
34855.772081477,4,29877071,200,2241600,-1
34855.772081477,4,29879335,100,2241600,-1
34855.772629269,4,29776872,100,2241700,-1
34855.773961435,1,29879600,100,2239100,1
34855.912848063,1,29881371,200,2239100,1
34856.032501568,1,29884188,100,2242400,-1
34856.05581473,5,0,500,2240750,-1
34856.05581473,4,29884188,100,2242400,-1
34856.059601223,1,29884526,100,2242400,-1
34856.063303921,3,29879600,100,2239100,1
34856.084623018,4,29884526,100,2242400,-1
34856.085003517,3,29881371,200,2239100,1
34856.085003517,1,29884888,200,2238900,1
34856.12247288,4,29423206,50,2242500,-1
34856.288388264,1,29888132,100,2243000,-1
34856.30651509,1,29888461,100,2242300,-1
34856.306628328,4,29888461,20,2242300,-1
34856.314210821,4,29888461,80,2242300,-1
34856.338337191,4,26420978,100,2243000,-1
34856.338337191,4,29888132,100,2243000,-1
34856.350758707,1,29889054,100,2239700,1
34856.385467193,4,29607653,200,2243500,-1
34856.392285655,3,29884592,100,2244100,-1
34856.428047775,1,29890117,100,2244300,-1
34856.428138424,1,29890122,100,2244300,-1
34856.429918608,4,29890117,100,2244300,-1
34856.430335008,5,0,100,2244200,-1
34856.435177727,1,29890328,100,2244300,-1
34856.487259918,1,29890879,100,2244300,-1
34856.487663881,3,29890328,100,2244300,-1
34856.487767574,1,29890902,100,2244300,-1
34856.48781611,3,29890879,100,2244300,-1
34856.513995357,5,0,300,2244100,-1
34856.513995357,4,29890122,100,2244300,-1
34856.513995357,4,29890902,100,2244300,-1
34856.55976574,5,0,500,2243800,-1
34856.55976574,4,28473932,100,2244400,-1
34856.55976574,4,29603841,100,2244400,-1
34856.561598533,1,29892330,100,2239700,1
34856.563738907,1,29892445,100,2244400,-1
34856.584705145,4,29892445,100,2244400,-1
34856.596915558,1,29893743,100,2244200,-1
34856.597008116,4,29893743,100,2244200,-1
34856.615921658,4,29604172,100,2244500,-1
34856.660395004,1,29894812,100,2244600,-1
34856.661280068,1,29894814,100,2244600,-1
34856.974825532,1,29899491,100,2241000,1
34857.432449621,1,29907311,100,2241000,1
34857.434791668,1,29907362,100,2241100,1
34857.447207468,3,29907362,100,2241100,1
34858.204013292,3,29894812,100,2244600,-1
34858.204379164,3,29894814,100,2244600,-1
34859.711587289,1,29948333,100,2241100,1
34859.712185976,1,29948340,100,2241200,1
34860.43497646,5,0,1,2242500,1
34860.435589076,5,0,1,2242500,1
34860.57305584,5,0,1,2242500,1
34861.922793486,1,29997636,100,2244600,-1
34863.316835561,3,29948340,100,2241200,1
34863.317459999,1,30031898,100,2241100,1
34863.361834948,3,29997636,100,2244600,-1
34863.361834948,1,30032956,100,2244100,-1
34863.363002354,3,30031898,100,2241100,1
34863.524051983,1,30036684,100,2241000,1
34863.524591069,1,30036692,100,2241100,1
34871.525773547,1,30179711,100,2244000,-1
34871.592724201,1,30180750,100,2244000,-1
34874.895472443,5,0,1,2242500,1
34876.388895979,1,30260897,100,2242300,1
34877.550789452,3,30180750,100,2244000,-1
34877.550789452,1,30274786,100,2243800,-1
34878.257298094,1,30282003,100,2242300,1
34879.189244274,5,0,20,2242500,1
34880.762132697,1,30308161,10,2242300,1
34880.827097019,3,30308161,10,2242300,1
34880.827191709,1,30315174,10,2242300,1
34881.208771184,3,30315174,10,2242300,1
34881.208868856,1,30323991,10,2242300,1
34881.413618512,3,30323991,10,2242300,1
34881.413713961,1,30326283,10,2242500,1
34881.419961333,3,30326283,10,2242500,1
34881.42004867,1,30326352,10,2242400,1
34883.594156136,3,30326352,10,2242400,1
34883.594243713,1,30348810,10,2242300,1
34883.595498819,1,30348818,4,2242400,1
34883.657101546,1,30349254,10,2242500,1
34883.733087705,3,30274786,100,2243800,-1
34883.733087705,1,30349689,100,2243700,-1
34884.08911566,3,30349689,100,2243700,-1
34884.08911566,1,30352881,100,2243600,-1
34884.089192803,3,30349254,10,2242500,1
34884.089282674,1,30352882,10,2242500,1
34884.091790763,3,30352882,10,2242500,1
34884.091873325,1,30352928,10,2242400,1
34884.102178566,3,30352881,100,2243600,-1
34884.102178566,1,30353007,100,2243500,-1
34884.1022388,3,30352928,10,2242400,1
34884.102323548,1,30353008,10,2242400,1
34884.795437705,1,30359025,200,2242400,1
34884.796090402,3,30353008,10,2242400,1
34884.796186418,1,30359032,10,2242600,1
34885.111391783,3,30359032,10,2242600,1
34885.111489737,1,30362814,10,2242700,1
34885.122544929,3,30362814,10,2242700,1
34885.122687351,1,30364713,10,2242600,1
34885.169003693,1,30368204,100,2243500,-1
34885.223047096,3,30364713,10,2242600,1
34885.223131634,1,30369493,10,2242500,1
34886.027285145,4,30361835,100,2242500,1
34886.027285145,4,30361972,4,2242500,1
34886.027285145,4,30369493,10,2242500,1
34886.027411497,1,30377871,10,2243200,-1
34886.029888009,4,30359025,186,2242400,1
34886.029963299,4,30359025,14,2242400,1
34886.029997322,3,30377871,10,2243200,-1
34886.030073727,1,30377898,10,2243000,-1
34886.030148387,1,30377900,100,2242400,1
34886.030286253,3,30377898,10,2243000,-1
34886.030360848,1,30377905,10,2243100,-1
34886.043434935,3,30377905,10,2243100,-1
34886.043514695,1,30378064,10,2243100,-1
34886.044517714,3,30378064,10,2243100,-1
34886.04459909,1,30378078,10,2243000,-1
34886.126200624,4,30377900,100,2242400,1
34886.126274885,3,30378078,10,2243000,-1
34886.126397326,1,30379097,10,2242900,-1
34886.184065798,3,30379097,10,2242900,-1
34886.184151762,1,30379744,10,2242800,-1
34886.184399645,3,30379744,10,2242800,-1
34886.184480817,1,30379746,10,2242900,-1
34886.224356369,3,30379746,10,2242900,-1
34886.22443893,1,30379998,10,2242900,-1
34886.224566234,3,30379998,10,2242900,-1
34886.224647913,1,30380001,10,2242900,-1
34887.426694342,3,30380001,10,2242900,-1
34887.426784825,1,30406069,10,2242900,-1
34887.426918058,3,30406069,10,2242900,-1
34887.427002616,1,30406073,10,2243000,-1
34887.678169104,3,30406073,10,2243000,-1
34887.678255322,1,30413976,10,2243100,-1
34887.678827607,3,30413976,10,2243100,-1
34887.678912656,1,30414123,10,2243100,-1
34887.683756438,3,30414123,10,2243100,-1
34887.683901924,1,30416164,10,2243200,-1
34887.68912748,3,30416164,10,2243200,-1
34887.689303597,1,30419726,10,2243300,-1
34887.781062596,3,30419726,10,2243300,-1
34887.78115002,1,30433314,10,2243300,-1
34888.060749137,3,30433314,10,2243300,-1
34888.06083894,1,30444198,10,2243300,-1
34888.060990659,3,30444198,10,2243300,-1
34888.061079707,1,30444255,10,2243200,-1
34888.16732331,3,30444255,10,2243200,-1
34888.167421715,1,30447359,10,2243100,-1
34888.167737685,3,30447359,10,2243100,-1
34888.167818433,1,30447368,10,2243100,-1
34888.470027492,4,30260897,100,2242300,1
34888.470112179,3,30447368,10,2243100,-1
34888.470215795,1,30453621,10,2242800,-1
34888.472047492,1,30453647,100,2240600,1
34888.473024112,3,30453647,100,2240600,1
34888.473105079,3,30453621,10,2242800,-1
34888.473196607,1,30453665,10,2242700,-1
34888.473656059,1,30453667,100,2240500,1
34888.47374071,1,30453668,100,2240500,1
34888.473758299,3,30453665,10,2242700,-1
34888.474354538,3,30453667,100,2240500,1
34889.017629367,3,30453668,100,2240500,1
34889.029358056,5,0,200,2243300,-1
34889.03193319,1,30471628,100,2240300,1
34889.459975129,3,30353007,100,2243500,-1
34889.459975129,1,30479547,100,2243300,-1
34889.526791125,3,30479547,100,2243300,-1
34889.526791125,1,30480436,100,2243100,-1
34890.844970764,3,30480436,100,2243100,-1
34890.844970764,1,30500801,100,2243000,-1
34890.857720712,3,30500801,100,2243000,-1
34890.857720712,1,30501235,100,2242900,-1
34891.091936835,1,30504705,1,2242800,-1
34891.094967413,3,30471628,100,2240300,1
34891.095636823,1,30504809,100,2240200,1
34891.095721804,1,30504810,100,2240200,1
34892.032203779,3,30504810,100,2240200,1
34894.476409078,1,30569423,100,2242800,-1
34896.512159796,3,30569423,100,2242800,-1
34896.512159796,1,30594627,100,2242700,-1
34896.512286081,1,30594635,1,2242600,-1
34896.513361133,3,30504809,100,2240200,1
34896.514001991,1,30594659,100,2240100,1
34899.235452454,3,30594659,100,2240100,1
34899.495547136,1,30645533,100,2242600,-1
34899.497281935,1,30645549,100,2240000,1
34899.503769876,3,30645549,100,2240000,1
34899.504412995,1,30645646,100,2239700,1
34899.506167872,3,30645646,100,2239700,1
34899.506991748,1,30645674,100,2239400,1
34899.509537609,3,30645674,100,2239400,1
34899.509633574,3,30645533,100,2242600,-1
34899.509633574,1,30645707,100,2242400,-1
34899.509758875,1,30645709,1,2242300,-1
34899.525906507,3,30594636,100,2239300,1
34899.774903274,1,30661392,1,2242200,-1
34899.777018184,1,30661711,1,2242100,-1
34899.777292694,1,30661738,1,2242000,-1
34899.777451302,1,30661757,1,2241900,-1
34899.777561073,1,30661774,1,2241800,-1
34899.777677695,1,30661794,1,2241700,-1
34899.77780726,1,30661825,1,2241600,-1
34899.778006012,1,30661854,1,2241500,-1
34899.778157048,1,30661878,1,2241400,-1
34899.778306056,1,30661910,1,2241300,-1
34899.778414362,4,30661910,1,2241300,-1
34899.778435988,3,30661878,1,2241400,-1
34899.778435988,1,30661949,1,2241200,-1
34899.778553642,4,30661949,1,2241200,-1
34899.867864776,1,30669952,100,2239500,1
34899.913467598,3,30669952,100,2239500,1
34899.941195606,1,30672541,100,2239200,1
34899.983391617,1,30673708,200,2242400,-1
34899.986509704,1,30673800,100,2242400,-1
34899.987371997,3,30673708,200,2242400,-1
34901.189281151,3,30472431,100,2239200,1
34902.647742742,3,30672541,100,2239200,1
34903.721301275,1,30729654,1,2242300,-1
34913.034183543,1,30852347,100,2242300,-1
34913.053601931,3,30852347,100,2242300,-1
34913.053722373,1,30853139,100,2238800,1
34913.069318404,1,30853397,100,2242300,-1
34913.094838137,3,30853139,100,2238800,1
34913.262570737,3,30853397,100,2242300,-1
34913.262570737,1,30855967,100,2242200,-1
34913.262693127,1,30855969,1,2242100,-1
34913.291659092,1,30856269,100,2242100,-1
34913.292593073,1,30856279,100,2242100,-1
34913.72186205,1,30861964,2,2242000,-1
34913.722682139,1,30862011,1,2241900,-1
34913.722806284,1,30862015,100,2238800,1
34913.722825218,1,30862016,2,2241800,-1
34913.722935568,1,30862023,1,2241700,-1
34913.723049053,1,30862028,2,2241600,-1
34913.723165263,1,30862031,1,2241500,-1
34913.723285904,1,30862035,2,2241400,-1
34913.723415239,1,30862044,1,2241300,-1
34913.723521246,1,30862049,2,2241200,-1
34913.723633017,1,30862050,1,2241100,-1
34913.723753682,1,30862057,2,2241000,-1
34913.72386308,1,30862060,1,2240900,-1
34913.723963098,1,30862063,2,2240800,-1
34913.72407279,1,30862067,1,2240700,-1
34913.724168316,4,30862067,1,2240700,-1
34913.724173943,3,30862063,2,2240800,-1
34913.724173943,1,30862071,2,2240600,-1
34913.724175117,4,30862071,1,2240600,-1
34913.724262197,4,30862071,1,2240600,-1
34913.772576746,3,30862015,100,2238800,1
34918.21294898,1,30981532,1,2242000,-1
34918.215555679,3,30981532,1,2242000,-1
34918.215555679,1,30981965,2,2242000,-1
34918.566315927,1,30990362,100,2242000,-1
34918.765612095,3,30474046,100,2238800,1
34918.765725222,3,30992486,100,2237800,1
34919.797994471,1,31033933,100,2241900,-1
34919.798118236,1,31033939,2,2241800,-1
34919.834271019,1,31034716,100,2238600,1
34919.837514447,1,31034776,100,2241800,-1
34920.601185327,3,31034716,100,2238600,1
34923.212806628,1,31093936,200,2241800,-1
34923.801089049,5,0,100,2241700,-1
34923.802094949,1,31104742,100,2238600,1
34923.802152515,1,31104743,100,2238700,1
34923.805024566,3,31093936,200,2241800,-1
34923.844726761,1,31105269,100,2241800,-1
34923.885873089,1,31105768,100,2241700,-1
34923.886005499,1,31105770,2,2241600,-1
34923.886921925,3,31104743,100,2238700,1
34923.88755627,1,31105783,100,2238600,1
34923.889090344,3,31105783,100,2238600,1
34923.889720851,1,31105793,100,2238500,1
34923.929671339,1,31106163,100,2241600,-1
34926.040303624,3,31106163,100,2241600,-1
34926.040303624,1,31133921,100,2241500,-1
34926.040431983,1,31133926,2,2241400,-1
34927.024784835,3,31105793,100,2238500,1
34929.269742065,1,31178986,100,2241400,-1
34929.303185602,3,31134556,100,2237900,1
34930.835981099,1,31217225,100,2241300,-1
34930.836106096,1,31217247,2,2241200,-1
34930.859463605,3,31217247,2,2241200,-1
34930.859463605,1,31221436,2,2241300,-1
34930.887125571,1,31224745,100,2238400,1
34930.890283834,3,31224745,100,2238400,1
34930.890933521,1,31225068,100,2238200,1
34930.895890921,3,31225068,100,2238200,1
34930.896520589,1,31225495,100,2238100,1
34930.897707106,3,31225495,100,2238100,1
34930.902427325,1,31225878,200,2238000,1
34930.907679037,3,31225878,200,2238000,1
34930.915126311,1,31226920,100,2237900,1
34930.921808516,3,31224763,100,2237900,1
34930.932406088,1,31227831,100,2241200,-1
34930.932539018,1,31227847,2,2241100,-1
34930.938797352,1,31228194,100,2238000,1
34930.961711098,3,31228194,100,2238000,1
34931.006692034,1,31231763,100,2241100,-1
34931.021392112,3,31226920,100,2237900,1
34931.022712225,1,31232650,100,2238000,1
34931.386806173,1,31242188,100,2241000,-1
34931.38696028,1,31242193,2,2240900,-1
34931.388123387,3,31242193,2,2240900,-1
34931.388123387,1,31242230,2,2241000,-1
34931.391158134,1,31242306,100,2241000,-1
34931.926327167,1,31253529,100,2240900,-1
34931.926450853,1,31253539,2,2240800,-1
34931.927760303,3,31253539,2,2240800,-1
34931.927760303,1,31253581,2,2240900,-1
34931.929766045,1,31253673,100,2240900,-1
34932.019799912,3,31232650,100,2238000,1
34932.452925601,3,31226378,100,2237700,1
34933.580383927,3,31114109,100,2237500,1
34933.983860313,3,31259065,100,2237400,1
34934.306248461,3,31253673,100,2240900,-1
34934.306248461,1,31296021,100,2240000,-1
34934.306385085,1,31296025,2,2239900,-1
34934.331068733,3,31296025,2,2239900,-1
34934.331068733,1,31296610,2,2241100,-1
34934.331184759,1,31296615,100,2237400,1
34934.33217869,3,31296610,2,2241100,-1
34934.33217869,1,31296634,2,2241900,-1
34934.333107201,1,31296651,100,2241500,-1
34934.333207777,1,31296653,2,2241400,-1
34934.333910375,3,31296653,2,2241400,-1
34934.333910375,1,31296681,2,2241900,-1
34934.354417976,1,31296965,100,2239900,-1
34934.354530556,1,31296969,2,2239800,-1
34934.393560969,3,31296615,100,2237400,1
34934.397005228,1,31297543,100,2239800,-1
34934.835783267,3,31297543,100,2239800,-1
34934.835783267,1,31305685,100,2239600,-1
34934.835964168,1,31305696,2,2239500,-1
34935.018243584,1,31309354,100,2237900,1
34935.021702857,1,31309411,100,2239400,-1
34935.021825343,1,31309413,2,2239300,-1
34936.018883789,3,31309354,100,2237900,1
34936.01899238,1,31325056,100,2238100,1
34936.076015607,3,31309413,2,2239300,-1
34936.076015607,1,31326502,3,2239300,-1
34936.077892564,3,31326502,3,2239300,-1
34936.077892564,1,31326729,4,2239300,-1
34936.155654143,1,31328231,100,2239300,-1
34936.195613892,3,31328231,100,2239300,-1
34936.195613892,1,31328696,100,2239200,-1
34936.195738988,1,31328701,4,2239100,-1
34937.018112975,3,31325056,100,2238100,1
34937.018227706,1,31339207,100,2238200,1
34937.158924498,1,31341011,100,2239100,-1
34938.013879726,3,31339207,100,2238200,1
34938.022145195,3,31341011,100,2239100,-1
34938.022145195,1,31353039,100,2239000,-1
34938.022274614,1,31353047,4,2238900,-1
34938.167256263,1,31356204,100,2238800,-1
34938.167381549,1,31356208,4,2238700,-1
34938.175860539,1,31356340,100,2238700,-1
34941.101218377,3,31356340,100,2238700,-1
34941.101218377,1,31398648,100,2238500,-1
34941.101344884,1,31398650,4,2238400,-1
34941.212860672,4,30834229,100,2237400,1
34941.217975641,4,30834229,100,2237400,1
34941.218072705,4,30834229,60,2237400,1
34941.218094064,4,30834229,40,2237400,1
34941.218094064,5,0,60,2237400,1
34941.218271939,1,31399907,140,2237400,1
34941.220930711,1,31400027,100,2237400,1
34941.221966272,1,31400042,100,2238400,-1
34941.329814414,1,31401142,100,2238400,-1
34941.605463384,3,31400042,100,2238400,-1
34941.605463384,1,31404324,100,2238300,-1
34941.605579794,1,31404325,4,2238200,-1
34941.720831437,4,31399907,100,2237400,1
34941.720946795,4,31399907,40,2237400,1
34941.720946795,4,31400027,60,2237400,1
34941.772788023,1,31417634,100,2238200,-1
34941.844887785,3,31417634,100,2238200,-1
34941.844887785,1,31421580,100,2238000,-1
34941.8449963,4,31400027,40,2237400,1
34941.845031458,1,31421585,4,2237900,-1
34941.858087306,1,31422087,200,2237700,-1
34941.858200621,1,31422092,4,2237600,-1
34941.969475258,1,31425212,100,2237600,-1
34942.557896151,3,31425212,100,2237600,-1
34943.752814033,1,31462516,100,2237400,-1
34943.752931972,1,31462518,4,2237300,-1
34945.482916019,1,31485884,2,2237200,-1
34945.483929532,3,31485884,2,2237200,-1
34945.483929532,1,31485949,4,2237200,-1
34945.484637178,1,31486007,4,2237100,-1
34945.484922666,1,31486019,4,2237000,-1
34945.485062819,1,31486027,4,2236900,-1
34945.485211084,1,31486034,4,2236900,-1
34945.487452964,3,31486034,4,2236900,-1
34945.487452964,1,31486192,6,2236900,-1
34945.489704556,3,31486192,6,2236900,-1
34945.489704556,1,31486325,8,2236900,-1
34945.493519349,3,31486325,8,2236900,-1
34945.493519349,1,31486478,10,2236900,-1
34945.882756873,4,31486478,10,2236900,-1
34945.882756873,4,31486027,4,2236900,-1
34948.246069733,1,31538742,100,2237400,-1
34949.155933929,5,0,28,2237300,-1
34949.16983976,1,31557736,2,2237300,-1
34949.169995212,4,31557736,2,2237300,-1
34949.169995212,5,0,42,2237300,-1
34949.173023691,1,31558469,1,2237300,-1
34949.173120829,4,31558469,1,2237300,-1
34949.186976461,1,31560430,2,2237300,-1
34949.189517021,3,31560430,2,2237300,-1
34949.189517021,1,31560825,4,2237300,-1
34952.339262161,4,31560825,4,2237300,-1
34952.339262161,4,31462516,100,2237400,-1
34952.339262161,4,31538742,96,2237400,-1
34952.339271419,4,31538742,4,2237400,-1
34952.339413876,4,31422087,200,2237700,-1
34952.343998567,4,31523574,100,2238200,-1
34952.344913547,3,31610736,100,2239100,-1
34952.344990801,1,31610787,100,2236000,1
34952.345629948,1,31610803,100,2239300,-1
34952.346010948,1,31610830,100,2239100,-1
34952.347423246,1,31610888,100,2236200,1
34952.351314392,3,31610830,100,2239100,-1
34952.351771287,1,31610962,100,2236400,1
34952.351939113,1,31610964,100,2239500,-1
34952.352398962,3,31610964,100,2239500,-1
34952.353039489,1,31610973,100,2239600,-1
34952.358137278,3,31610973,100,2239600,-1
34952.358751538,1,31611052,100,2239700,-1
34952.440152221,1,31611722,100,2239600,-1
34952.543085549,3,31611722,100,2239600,-1
34952.54370466,1,31612489,100,2239700,-1
34952.857834186,1,31617371,100,2236700,1
34953.36857083,1,31624755,100,2236700,1
34953.381669352,1,31625957,100,2236800,1
34953.386035469,3,31612489,100,2239700,-1
34953.38603635,1,31626771,100,2236900,1
34953.386682049,1,31626902,100,2240200,-1
34953.391513514,1,31627583,100,2237000,1
34953.397905282,1,31628031,100,2237100,1
34953.417659601,1,31628751,100,2237900,1
34953.42037467,3,31628751,100,2237900,1
34953.450030469,1,31629397,100,2237400,1
34953.450618525,1,31629408,100,2237500,1
34953.54852018,3,31629408,100,2237500,1
34953.549196705,1,31630908,100,2237400,1
34953.816569852,1,31633563,100,2237500,1
34954.140656783,3,31626902,100,2240200,-1
34954.141085247,1,31637308,200,2241000,-1
34954.142538147,1,31637327,100,2237600,1
34955.104940592,3,31637327,100,2237600,1
34955.105561994,1,31646547,100,2237500,1
34957.487159401,3,31493997,100,2241000,-1
34957.488561608,3,31637308,200,2241000,-1
34957.49323229,1,31677824,100,2237600,1
34957.503108985,1,31680569,100,2237700,1
34957.503265924,1,31680611,100,2238600,1
34957.504782748,1,31680949,200,2241100,-1
34957.519200942,3,31630262,100,2241100,-1
34957.587193879,3,31680611,100,2238600,1
34957.58753777,3,31680949,200,2241100,-1
34957.58753777,1,31686745,200,2241300,-1
34957.588483546,3,31686745,200,2241300,-1
34957.588483546,1,31686804,200,2241400,-1
34957.589423746,3,31686804,200,2241400,-1
34957.591104838,1,31687017,100,2238100,1
34957.591333576,1,31687022,200,2241200,-1
34957.59322185,3,31687017,100,2238100,1
34957.593346136,1,31687161,100,2241200,-1
34957.593941116,1,31687197,100,2238100,1
34957.631361394,3,31687161,100,2241200,-1
34957.686592241,3,31687197,100,2238100,1
34957.686732452,1,31694385,100,2241200,-1
34957.687215168,1,31694430,100,2238000,1
34957.690085067,3,31694430,100,2238000,1
34957.690710685,1,31694625,100,2238000,1
34957.691174463,3,31694625,100,2238000,1
34957.691803135,1,31694692,100,2237700,1
34957.694996809,3,31694692,100,2237700,1
34957.695632296,1,31694948,100,2237600,1
34957.786616726,3,31694948,100,2237600,1
34957.787124504,3,31687022,200,2241200,-1
34957.787273827,1,31698332,100,2237400,1
34957.788616413,3,31698332,100,2237400,1
34957.789270178,1,31698413,100,2237300,1
34957.804570494,3,31698413,100,2237300,1
34957.805212785,1,31698934,100,2237200,1
34957.806717546,3,31698934,100,2237200,1
34957.807345437,1,31699091,100,2237100,1
34957.810758838,3,31699091,100,2237100,1
34957.811386896,1,31699309,100,2237000,1
34957.818608163,3,31699309,100,2237000,1
34957.819231801,1,31699518,100,2236900,1
34957.90229926,3,31694385,100,2241200,-1
34958.070632208,1,31704467,100,2237100,1
34958.070745031,1,31704470,100,2237300,1
34961.430114012,3,31698324,200,2241300,-1
34961.430114012,1,31753210,200,2241200,-1
34961.430257019,1,31753216,100,2241200,-1
34961.928682708,1,31758692,100,2239900,-1
34961.92969543,4,31758692,100,2239900,-1
34961.930069894,1,31758727,33,2239900,-1
34961.930736149,1,31758743,100,2237400,1
34961.931257096,3,31758743,100,2237400,1
34961.931980907,1,31758776,100,2237300,1
34961.932950027,1,31758790,100,2237600,1
34961.933547116,3,31758790,100,2237600,1
34961.934195035,1,31758801,100,2237400,1
34961.934500115,1,31758807,100,2237500,1
34961.936550561,3,31758807,100,2237500,1
34961.93720373,1,31758827,100,2237400,1
34962.008380393,3,31758827,100,2237400,1
34962.009011506,1,31759673,100,2237300,1
34962.405024802,3,31759673,100,2237300,1
34962.405661287,1,31766606,100,2237200,1
34962.752346089,1,31776023,100,2237300,1
34962.764408582,1,31777182,100,2237400,1
34962.764482265,1,31777185,100,2237500,1
34963.139260659,3,31777185,100,2237500,1
34963.139880579,1,31781941,100,2237400,1
34963.911132837,3,31781941,100,2237400,1
34963.911750066,1,31788977,100,2237300,1
34964.001120194,3,31788977,100,2237300,1
34964.001770386,1,31789725,100,2237200,1
34964.638115521,1,31796075,100,2237300,1
34964.694090143,1,31797776,100,2237400,1
34964.811695226,1,31800427,100,2237500,1
34965.09207906,3,31800427,100,2237500,1
34965.092726917,1,31804260,100,2237300,1
34965.194060642,3,31804260,100,2237300,1
34965.194695947,1,31807548,100,2237200,1
34965.55804179,1,31814483,100,2237300,1
34965.570003549,1,31815647,100,2237400,1
34965.57006432,1,31815654,100,2237500,1
34965.937523193,3,31815654,100,2237500,1
34965.938152079,1,31821678,100,2237400,1
34966.027405578,1,31822829,10,2239600,-1
34966.02760923,3,31822829,10,2239600,-1
34966.027690783,1,31822835,10,2239600,-1
34966.027802026,3,31822835,10,2239600,-1
34966.027890549,1,31822846,10,2239600,-1
34966.028055767,3,31822846,10,2239600,-1
34966.028134921,1,31822861,10,2239500,-1
34966.028213992,3,31822861,10,2239500,-1
34966.028296026,1,31822863,10,2239600,-1
34966.028697164,3,31822863,10,2239600,-1
34966.028775049,1,31822883,10,2239700,-1
34966.029490753,3,31821678,100,2237400,1
34966.030063593,3,31822883,10,2239700,-1
34966.030147841,1,31822920,10,2239600,-1
34966.030199571,1,31822922,100,2237300,1
34966.031729653,3,31822920,10,2239600,-1
34966.031804652,1,31822944,10,2239700,-1
34966.033222956,3,31822944,10,2239700,-1
34966.033308507,1,31822968,10,2239600,-1
34966.039752001,3,31822968,10,2239600,-1
34966.039833635,1,31823034,10,2239600,-1
34966.04038053,3,31823034,10,2239600,-1
34966.040450359,1,31823039,10,2239700,-1
34966.057071647,3,31823039,10,2239700,-1
34966.127400981,1,31824197,10,2239800,-1
34966.127608763,3,31824197,10,2239800,-1
34966.127681895,1,31824207,10,2239700,-1
34966.127790896,3,31824207,10,2239700,-1
34966.127871311,1,31824210,10,2239700,-1
34966.128111979,3,31824210,10,2239700,-1
34966.12819653,1,31824215,10,2239700,-1
34966.128738485,3,31824215,10,2239700,-1
34966.128813415,1,31824221,10,2239700,-1
34966.157059428,3,31824221,10,2239700,-1
34966.157140037,1,31824563,10,2239700,-1
34966.157498803,3,31824563,10,2239700,-1
34966.261932203,1,31826833,100,2237400,1
34966.263926152,1,31826950,100,2237500,1
34966.769802461,3,31826950,100,2237500,1
34966.770530433,1,31835164,100,2237300,1
34966.772107753,3,31835164,100,2237300,1
34966.772943657,1,31836877,100,2237100,1
34967.971174467,1,31905740,100,2237200,1
34967.971642419,3,31905740,100,2237200,1
34967.972334979,1,31905749,100,2237100,1
34972.613007406,3,31905749,100,2237100,1
34973.279294216,3,31758727,33,2239900,-1
34973.280492431,1,32004456,100,2237100,1
34973.289828043,1,32004540,100,2238600,1
34977.038096001,3,31825331,100,2240000,-1
34977.091315658,1,32091741,100,2239900,-1
34988.584942357,3,32091741,100,2239900,-1
34988.616019865,1,32285299,100,2239800,-1
35006.029776493,1,32552340,100,2239600,-1
35006.033764222,1,32552429,100,2238600,1
35006.99844155,1,32571092,100,2239500,-1
35007.008546248,3,32571092,100,2239500,-1
35007.208795218,4,32004540,2,2238600,1
35007.208884275,4,32004540,98,2238600,1
35007.208884275,4,32552429,100,2238600,1
35007.211843718,1,32601051,1,2239700,-1
35007.248110476,1,32607209,100,2238700,-1
35007.248271942,1,32607231,1,2238700,-1
35007.24839564,3,32607209,100,2238700,-1
35007.305989161,1,32612597,100,2237800,1
35008.557862032,1,32661500,100,2238600,-1
35011.002781264,1,32738952,100,2238600,-1
35011.188036633,4,32175697,100,2237800,1
35011.188119193,4,32612597,100,2237800,1
35011.203345049,3,32738952,100,2238600,-1
35015.946814024,1,32853920,200,2236000,1
35018.078606269,3,32661500,100,2238600,-1
35018.080070115,1,32886147,100,2236600,1
35018.090221803,3,32886147,100,2236600,1
35018.090596714,3,32853920,200,2236000,1
35018.107158598,1,32886579,100,2238300,-1
35018.10728936,1,32886584,1,2238200,-1
35022.008530751,1,32938698,200,2236000,1
35022.595849909,3,32938698,200,2236000,1
35023.437659506,1,32957819,100,2237100,1
35024.081152872,4,32886584,1,2238200,-1
35025.417283894,5,0,100,2238200,-1
35025.417463676,5,0,33,2238200,-1
35025.417463676,4,32886579,67,2238300,-1
35025.422678034,4,32886579,33,2238300,-1
35025.424985946,1,32993113,100,2237200,1
35025.425278454,3,32958951,100,2239600,-1
35025.425961291,1,32993421,100,2239700,-1
35025.428075238,3,32993113,100,2237200,1
35025.435883888,3,32993421,100,2239700,-1
35025.436555472,1,32997611,100,2240100,-1
35025.438502796,1,32998743,100,2237100,1
35025.440083976,3,32998743,100,2237100,1
35025.440778011,1,32999934,100,2237100,1
35025.44442586,1,33001187,100,2237200,1
35025.444549871,3,32997611,100,2240100,-1
35025.445214445,1,33001435,100,2240300,-1
35025.445827868,3,33001187,100,2237200,1
35025.446498709,1,33001739,100,2237100,1
35025.447419654,1,33001983,100,2237200,1
35025.456116968,1,33003818,100,2237300,1
35025.457248106,3,33001435,100,2240300,-1
35025.457908253,1,33004129,100,2240500,-1
35025.460527138,3,33004129,100,2240500,-1
35025.460998379,1,33004625,100,2237400,1
35025.461887662,1,33004693,100,2237600,1
35025.464025495,3,33004693,100,2237600,1
35025.464669884,1,33004925,100,2237200,1
35025.465156653,1,33004985,100,2237600,1
35025.465569634,1,33005042,100,2240600,-1
35025.465951308,3,33004985,100,2237600,1
35025.466220078,1,33005125,100,2240500,-1
35025.466353691,1,33005136,100,2240500,-1
35025.466638389,1,33005160,100,2237500,1
35025.466687252,3,33005125,100,2240500,-1
35025.468330169,3,33005160,100,2237500,1
35025.46896409,1,33005441,100,2237300,1
35025.492063139,1,33007728,300,2240500,-1
35025.502464299,1,33008351,100,2237400,1
35025.502583628,3,33005136,100,2240500,-1
35025.50298937,3,33007728,300,2240500,-1
35025.504805966,1,33008475,100,2237500,1
35025.606226493,3,32999251,200,2240600,-1
35025.606226493,1,33013477,200,2240800,-1
35025.606674623,3,33013477,200,2240800,-1
35025.608850389,1,33013578,200,2240500,-1
35025.991311843,3,33008475,100,2237500,1
35025.991966714,1,33020803,100,2237400,1
35026.038976582,3,33020803,100,2237400,1
35026.039595771,1,33021899,100,2237300,1
35026.046376298,1,33022023,100,2237900,1
35026.048818542,3,33022023,100,2237900,1
35026.912529071,3,33021899,100,2237300,1
35026.913168122,1,33032141,100,2237200,1
35026.916092487,3,33032141,100,2237200,1
35026.916755501,1,33032167,100,2236900,1
35026.923684306,1,33032238,100,2237500,1
35026.92488024,3,33032238,100,2237500,1
35027.452215099,1,33040601,100,2237500,1
35027.456078835,3,33040601,100,2237500,1
35027.672143565,3,33013578,200,2240500,-1
35027.672143565,1,33042948,200,2240700,-1
35027.960551132,1,33046017,100,2237500,1
35027.963426154,3,33046017,100,2237500,1
35027.982599866,3,33042948,200,2240700,-1
35027.982599866,1,33046310,200,2240900,-1
35027.984380783,3,33046310,200,2240900,-1
35027.984380783,1,33046330,200,2240500,-1
35029.098188828,1,33060010,100,2237000,1
35029.098554531,3,33046330,200,2240500,-1
35029.098554531,1,33060014,200,2240700,-1
35029.681931736,1,33066955,100,2237100,1
35029.682040825,1,33066991,100,2237200,1
35029.724219848,1,33075493,100,2237300,1
35029.726820305,1,33076317,100,2237400,1
35029.734747567,1,33078347,100,2238200,1
35029.738558295,3,33060014,200,2240700,-1
35029.738558295,1,33078903,200,2240900,-1
35029.740247338,3,33078903,200,2240900,-1
35029.740247338,1,33079167,200,2241200,-1
35029.740714066,3,33079167,200,2241200,-1
35029.740714066,1,33079229,200,2240800,-1
35029.741866296,3,33079229,200,2240800,-1
35029.741866296,1,33079351,200,2241000,-1
35029.742138234,3,33079351,200,2241000,-1
35029.742138234,1,33079402,200,2241100,-1
35029.742323812,3,33079402,200,2241100,-1
35029.74318129,3,33078347,100,2238200,1
35029.743394872,1,33079578,100,2237500,1
35029.743863555,1,33079666,200,2240800,-1
35029.74769171,1,33080227,100,2237600,1
35029.757153677,3,33079666,200,2240800,-1
35029.757153677,1,33080879,200,2241000,-1
35029.762404631,3,33080227,100,2237600,1
35029.763103392,1,33081710,100,2237500,1
35030.262776125,3,33080879,200,2241000,-1
35030.262776125,1,33092864,200,2241200,-1
35030.263833987,3,33092864,200,2241200,-1
35030.263833987,1,33092885,200,2241500,-1
35030.264246103,3,33092885,200,2241500,-1
35030.264246103,1,33092896,200,2241700,-1
35030.265629975,3,33092896,200,2241700,-1
35030.266876015,1,33092935,200,2241900,-1
35030.267457117,3,33092935,200,2241900,-1
35030.267457117,1,33092942,200,2241300,-1
35030.474814047,1,33098326,100,2237600,1
35030.474897994,1,33098343,100,2237700,1
35030.475294174,3,33092942,200,2241300,-1
35030.475294174,1,33098399,200,2241500,-1
35030.477419062,1,33098649,100,2238500,1
35030.477512388,3,33098399,200,2241500,-1
35030.477512388,1,33098659,200,2241600,-1
35030.477611533,1,33098669,100,2241600,-1
35030.47778428,3,33098659,200,2241600,-1
35030.478962835,3,33098649,100,2238500,1
35030.479292863,1,33098856,200,2241600,-1
35030.48078308,1,33098997,100,2237800,1
35030.480881962,1,33099011,100,2237900,1
35030.486895102,1,33099418,100,2238200,1
35030.48818851,3,33099418,100,2238200,1
35030.488306633,1,33099563,100,2241600,-1
35030.488815043,1,33099603,100,2238200,1
35030.489290015,3,33099603,100,2238200,1
35030.489960433,1,33099702,100,2238200,1
35030.491791441,3,33099702,100,2238200,1
35030.492435132,1,33099895,100,2238200,1
35030.496801775,3,33099895,100,2238200,1
35030.497444313,1,33100242,100,2238200,1
35030.602885704,3,33099563,100,2241600,-1
35030.958133913,1,33109904,200,2240000,-1
35030.960060429,3,33100242,100,2238200,1
35030.960734727,1,33109994,100,2237600,1
35030.961804769,3,33109994,100,2237600,1
35030.962495609,1,33110032,100,2237100,1
35030.963020161,1,33110042,100,2237500,1
35030.966546871,3,33110042,100,2237500,1
35030.967183871,1,33110089,100,2237200,1
35031.003703372,3,33110089,100,2237200,1
35031.004321901,1,33111084,100,2237100,1
35031.009646332,3,33111084,100,2237100,1
35031.010276953,1,33111232,100,2237000,1
35032.34382722,3,33111232,100,2237000,1
35032.344442386,1,33132009,100,2236900,1
35032.371804581,3,33132009,100,2236900,1
35032.372427635,1,33133742,100,2236800,1
35032.747761534,3,33133742,100,2236800,1
35032.748383924,1,33139563,100,2236700,1
35033.051751082,3,33139563,100,2236700,1
35033.052390928,1,33143882,100,2236500,1
35033.059784149,1,33144024,100,2236600,1
35033.060644651,1,33144105,100,2237400,1
35033.061778868,3,33144105,100,2237400,1
35033.207794929,1,33145647,100,2236800,1
35033.221725943,1,33145941,100,2236900,1
35034.519590904,3,33145941,100,2236900,1
35034.520211185,1,33163656,100,2236800,1
35035.601648936,1,33176391,100,2236900,1
35035.615449384,1,33176623,100,2237000,1
35036.195400839,1,33185253,100,2237100,1
35036.197403668,1,33185679,100,2237200,1
35036.25534709,3,33185679,100,2237200,1
35036.255961053,1,33189604,100,2237100,1
35036.269294946,3,33189604,100,2237100,1
35036.269936387,1,33189980,100,2237000,1
35036.272948341,3,33109904,200,2240000,-1
35036.273367796,1,33190102,200,2240900,-1
35036.2744659,1,33190312,100,2237100,1
35036.275474828,1,33190418,100,2237200,1
35036.305111788,1,33191652,100,2240000,-1
35036.306067362,3,33190418,100,2237200,1
35036.306716878,1,33191679,100,2237100,1
35036.307332938,3,33191679,100,2237100,1
35036.307966441,1,33191708,100,2237000,1
35040.596203459,1,33266395,9,2239800,-1
35046.224650677,3,33191708,100,2237000,1
35046.22526546,1,33404134,100,2236900,1
35046.245074357,3,33404134,100,2236900,1
35046.245717522,1,33407363,100,2236800,1
35046.248160023,3,33407363,100,2236800,1
35046.248785826,1,33407541,100,2236700,1
35046.836585794,1,33418404,100,2239400,-1
35048.015532289,3,33418404,100,2239400,-1
35048.015947095,3,33423230,200,2240100,-1
35048.015947095,1,33429828,200,2240300,-1
35048.045757454,3,33407541,100,2236700,1
35048.046141152,3,33429828,200,2240300,-1
35048.046141152,1,33430348,200,2240500,-1
35048.046384944,1,33430357,100,2236600,1
35048.048660795,3,33430348,200,2240500,-1
35048.049168145,3,33430357,100,2236600,1
35048.049835353,1,33430453,100,2236400,1
35048.050245085,1,33430458,200,2240300,-1
35048.0502951,3,33430453,100,2236400,1
35048.050974882,1,33430472,100,2236300,1
35048.0528817,3,33430458,200,2240300,-1
35048.0528817,1,33430492,200,2240500,-1
35048.053974276,3,33430492,200,2240500,-1
35048.053974276,1,33430501,200,2240200,-1
35048.057451421,1,33430535,100,2237100,1
35048.057797468,3,33430501,200,2240200,-1
35048.057797468,1,33430537,200,2240400,-1
35048.060129895,3,33430535,100,2237100,1
35048.071852707,1,33430678,100,2236800,1
35048.073789247,1,33430692,100,2236900,1
35048.074853028,3,33430537,200,2240400,-1
35048.094261285,1,33430796,100,2239300,-1
35048.097791355,3,33430692,100,2236900,1
35048.098407445,1,33430829,100,2236700,1
35048.243422974,3,33430829,100,2236700,1
35048.244047687,1,33432001,100,2236300,1
35048.247403215,3,33432001,100,2236300,1
35048.248053367,1,33432059,100,2236200,1
35049.025614094,3,33432059,100,2236200,1
35049.026241684,1,33440255,100,2236100,1
35051.112078271,1,33463433,100,2236200,1
35051.120074465,1,33463780,100,2236300,1
35053.41143429,1,33490587,200,2237300,-1
35053.411813822,4,33490587,200,2237300,-1
35053.414242024,3,33463780,100,2236300,1
35053.414940819,1,33490669,100,2236000,1
35053.415105711,1,33490673,100,2236100,1
35053.416442414,1,33490681,100,2236300,1
35053.41926842,1,33490710,100,2236500,1
35053.419337811,1,33490711,100,2236600,1
35053.464310702,3,33430796,100,2239300,-1
35053.46442127,1,33490961,100,2239100,-1
35054.056599811,3,33490711,100,2236600,1
35054.057262214,1,33497606,100,2236500,1
35055.979350869,3,33497606,100,2236500,1
35055.979978447,1,33517156,100,2236400,1
35055.995680955,3,33517156,100,2236400,1
35055.996324454,1,33518326,100,2236300,1
35056.158304427,3,33518326,100,2236300,1
35056.158914192,1,33520889,100,2236200,1
35056.999624227,3,33520889,100,2236200,1
35057.000238613,1,33528742,100,2236100,1
35057.033091502,3,33490961,100,2239100,-1
35057.035589385,1,33531548,100,2240500,-1
35057.036261364,1,33531606,200,2239700,-1
35057.435973951,1,33543428,100,2239400,-1
35057.436322069,1,33543438,200,2239400,-1
35058.161297686,3,33528742,100,2236100,1
35058.161907777,1,33560833,100,2236000,1
35059.410169998,1,33577469,100,2236100,1
35059.47362952,3,33543428,100,2239400,-1
35059.972130859,1,33585683,100,2236300,1
35059.972287977,1,33585686,100,2236400,1
35059.972588099,3,33543438,200,2239400,-1
35059.972588099,1,33585696,200,2239600,-1
35059.973124867,3,33585686,100,2236400,1
35059.974056231,3,33585696,200,2239600,-1
35059.974056231,1,33585735,200,2239700,-1
35059.975575548,3,33585735,200,2239700,-1
35059.975575548,1,33585759,200,2240200,-1
35059.976753859,3,33585759,200,2240200,-1
35059.978203869,1,33585793,200,2239700,-1
35059.98291398,1,33585823,100,2236100,1
35060.837766584,1,33595570,100,2236200,1
35060.903710447,1,33596312,100,2236300,1
35061.488352424,3,33585793,200,2239700,-1
35061.488352424,1,33602834,200,2239900,-1
35061.48879847,3,33602834,200,2239900,-1
35061.48879847,1,33602840,200,2240100,-1
35061.489619061,3,33602840,200,2240100,-1
35061.489619061,1,33602846,200,2240400,-1
35061.491696192,1,33602862,100,2236400,1
35061.605643957,3,33602846,200,2240400,-1
35061.605643957,1,33603706,200,2240700,-1
35061.606038425,3,33603706,200,2240700,-1
35061.606304122,1,33603715,200,2240300,-1
35061.612378577,3,33603715,200,2240300,-1
35061.612378577,1,33603767,200,2240500,-1
35061.84755862,3,33602862,100,2236400,1
35061.84769888,1,33608239,100,2240500,-1
35061.848206508,1,33608283,100,2236300,1
35062.678838736,3,33608283,100,2236300,1
35062.67948462,1,33617033,100,2236100,1
35062.681854166,1,33617071,100,2238900,-1
35062.682880276,3,33617033,100,2236100,1
35062.683529582,1,33617096,100,2236000,1
35062.686371276,1,33617141,100,2236100,1
35062.686833285,3,33617141,100,2236100,1
35062.688559373,3,33617096,100,2236000,1
35066.004258478,1,33656190,200,2238900,-1
35066.005725276,3,33656190,200,2238900,-1
35066.027407035,1,33660830,10,2238100,-1
35066.030157304,3,33660830,10,2238100,-1
35066.030240313,1,33661035,10,2238200,-1
35066.030352995,3,33661035,10,2238200,-1
35066.030440443,1,33661049,10,2238200,-1
35066.030784822,3,33661049,10,2238200,-1
35066.030868852,1,33661085,10,2238200,-1
35066.03296493,3,33661085,10,2238200,-1
35066.033053939,1,33661214,10,2238200,-1
35066.033603059,3,33661214,10,2238200,-1
35066.033691728,1,33661248,10,2238300,-1
35066.033799668,3,33661248,10,2238300,-1
35066.033893947,1,33661260,10,2238300,-1
35066.034267401,3,33661260,10,2238300,-1
35066.034350796,1,33661283,10,2238300,-1
35066.035138934,3,33661283,10,2238300,-1
35066.035230131,1,33661329,10,2238300,-1
35066.037183568,3,33661329,10,2238300,-1
35066.037267652,1,33661467,10,2238300,-1
35066.037817636,3,33661467,10,2238300,-1
35066.037848135,3,33661484,200,2240000,-1
35066.039013974,1,33661611,200,2239800,-1
35066.043151913,3,33661611,200,2239800,-1
35066.043151913,1,33661802,200,2240000,-1
35066.043903911,3,33661802,200,2240000,-1
35066.044569476,1,33661852,9,2239000,-1
35066.276455393,1,33668270,100,2239000,-1
35066.53600527,1,33676072,300,2238900,-1
35066.555344859,1,33676440,9,2238400,-1
35067.039092954,1,33681960,100,2237100,1
